@article{ref1,
  author    = {H. H. Rashidi and S. Albahra and B. P. Rubin and B. Hu},
  title     = {A novel and fully automated platform for synthetic tabular data generation and validation},
  journal   = {Scientific Reports},
  year      = {2024},
  volume    = {14},
  article-number = {23312},
  url       = {https://www.nature.com/articles/s41598-024-73608-0}
}

@article{ref2,
  author    = {K{\"u}hnel, Lisa and Schneider, Julian and Perrar, Ines and Adams, Tim and Moazemi, Sobhan and Prasser, Fabian and N{\"o}thlings, Ute and Fr{\"o}hlich, Holger and Fluck, Juliane},
  title     = {Synthetic data generation for a longitudinal cohort study – evaluation, method extension and reproduction of published data analysis results},
  journal   = {Scientific Reports},
  year      = {2024},
  volume    = {14},
  pages     = {14412},
  doi       = {10.1038/s41598-024-62102-2},
  url       = {https://www.nature.com/articles/s41598-024-62102-2}
}

@article{ref3,
  author    = {Zhaozhi Qian and Thomas Callender and Baiba Cebere and Sarah M. Janes and Nishant Navani and Mihaela van der Schaar},
  title     = {Synthetic data for privacy-preserving clinical risk prediction},
  journal   = {Scientific Reports},
  year      = {2024},
  volume    = {14},
  number    = {},
  pages     = {Article number: 25676},
  doi       = {10.1038/s41598-024-72894-y},
  url       = {https://www.nature.com/articles/s41598-024-72894-y}
}

@article{ref4,
  author    = {D. Perri and M. Simonetti and O. Gervasi},
  title     = {Synthetic Data Generation to Speed-Up the Object Recognition Pipeline},
  journal   = {Electronics},
  year      = 2022, 
  volume    = {11}, 
  number    = {1}, 
  pages     = {2}, 
  url       = {https://www.mdpi.com/2079-9292/11/1/2}
}

@article{ref5,
  author    = {M. Goyal and Q. H. Mahmoud},
  title     = {A Systematic Review of Synthetic Data Generation Techniques Using Generative AI},
  journal   = {Electronics},
  year      = 2024,
  volume    = {13},
  number    = {17},
  pages     = {3509},
  url       = {https://www.mdpi.com/2079-9292/13/17/3509}
}

@article{ref6,
  author    = {E. Papadaki and A. G. Vrahatis and S. Kotsiantis},
  title     = {Exploring Innovative Approaches to Synthetic Tabular Data Generation},
  journal   = {Electronics},
  year      = 2024,
  volume    = {13},
  number    = {10},
  pages     = {1965},
  doi       = {10.3390/electronics13101965},
  url       = {https://www.mdpi.com/2079-9292/13/10/1965}
}

@article{ref7,
  author    = {D. B. Resnik and M. Hosseini and J. J. H. Kim and G. Epiphaniou and C. Maple},
  title     = {GenAI synthetic data create ethical challenges for scientists. Here’s how to address them},
  journal   = {Proceedings of the National Academy of Sciences},
  year      = 2025, 
  volume    = {122}, 
  number    = {9}, 
  pages     = {e2409182122}, 
  doi       = {10.1073/pnas.2409182122}, 
  url       = {https://doi.org/10.1073/pnas.2409182122}
}

@article{ref8,
  author    = {D. Adam},
  title     = {Synthetic data can aid the analysis of clinical outcomes: How much can it be trusted?},
  journal   = {Proceedings of the National Academy of Sciences},
  year      = 2024,
  volume    = {121},
  number    = {32},
  pages     = {e2414310121},
  doi       = {10.1073/pnas.2414310121},
  url       = {https://doi.org/10.1073/pnas.2414310121}
}

@article{ref9,
  author    = {S. Ruggles},
  title     = {The shortcomings of synthetic census microdata},
  journal   = {Proceedings of the National Academy of Sciences},
  year      = 2025,
  volume    = {122},
  number    = {11},
  pages     = {e2424655122},
  doi       = {10.1073/pnas.2424655122},
  url       = {https://doi.org/10.1073/pnas.2424655122}
}

@article{ref11,
  author    = {Y. Liu and R. Shen and X. Shen},
  title     = {Novel Uncertainty Quantification Through Perturbation-Assisted Sample Synthesis},
  journal   = {IEEE Transactions on Pattern Analysis and Machine Intelligence},
  year      = 2024, 
  volume    = 46, 
  number    = 12, 
  pages     = {7813--7824}, 
  url       = {https://ieeexplore.ieee.org/document/10508110}
}

@article{ref12,
  author    = {V. M. S{\'a}nchez-Cartagena and M. Espl{\`a}-Gomis and J. A. P{\'e}rez-Ortiz and F. S{\'a}nchez-Mart{\'i}nez},
  title     = {Non-Fluent Synthetic Target-Language Data Improve Neural Machine Translation},
  journal   = {IEEE Transactions on Pattern Analysis and Machine Intelligence},
  year      = 2024,
  volume    = {46},
  number    = {2},
  pages     = {837--850},
  doi       = {10.1109/TPAMI.2023.3333949},
  url       = {https://ieeexplore.ieee.org/document/10321682}
}

@article{ref13,
  author    = {Y. Lu and L. Chen and Y. Zhang and M. Shen and H. Wang and X. Wang and C. van Rechem and T. Fu and W. Wei},
  title     = {Machine Learning for Synthetic Data Generation: A Review},
  journal   = {arXiv preprint arXiv:2302.04062},
  year      = 2023,
  url       = {https://arxiv.org/abs/2302.04062}
}

@article{ref14,
  author    = {E. De Cristofaro},
  title     = {Synthetic Data: Methods, Use Cases, and Risks},
  journal   = {arXiv preprint arXiv:2303.01230},
  year      = {2024},
  url       = {https://arxiv.org/abs/2303.01230}
}

@article{ref15,
  author    = {L. Long and R. Wang and R. Xiao and J. Zhao and X. Ding and G. Chen and H. Wang},
  title     = {On LLMs-Driven Synthetic Data Generation, Curation, and Evaluation: A Survey},
  journal   = {arXiv preprint arXiv:2406.15126},
  year      = {2024},
  url       = {https://arxiv.org/abs/2406.15126}
}

@article{ref16,
  author    = {T. Li and L. Biferale and F. Bonaccorso and M. A. Scarpolini and M. Buzzicotti},
  title     = {Synthetic Lagrangian turbulence by generative diffusion models},
  journal   = {Nature Machine Intelligence},
  year      = 2024, 
  volume    = 6, 
  number    = 4, 
  pages     = {393--403}, 
  doi       = {10.1038/s42256-024-00810-0}, 
  url       = {https://doi.org/10.1038/s42256-024-00810-0}
}

@article{ref17,
  author    = {F. Fürrutter and G. Muñoz-Gil and H. J. Briegel},
  title     = {Quantum circuit synthesis with diffusion models},
  journal   = {Nature Machine Intelligence},
  year      = 2024, 
  volume    = 6, 
  number    = 5, 
  pages     = {515--524}, 
  doi       = {10.1038/s42256-024-00831-9}, 
  url       = {https://doi.org/10.1038/s42256-024-00831-9} 
}

@article{ref18,
  author    = {I. Igashov and H. Stärk and C. Vignac and A. Schneuing and V. Garcia Satorras and P. Frossard and M. Welling and M. Bronstein and B. Correia},
  title     = {Equivariant 3D-conditional diffusion model for molecular linker design},
  journal   = {Nature Machine Intelligence},
  year      = 2024, 
  volume    = {6}, 
  number    = {4}, 
  pages     = {417--427}, 
  doi       = {10.1038/s42256-024-00815-9}, 
  url       = {https://doi.org/10.1038/s42256-024-00815-9} 
}

@article{ref19,
  author    = {F. A. Croitoru and V. Hondru and R. T. Ionescu and M. Shah},
  title     = {Diffusion Models in Vision: A Survey},
  journal   = {IEEE Transactions on Pattern Analysis and Machine Intelligence},
  year      = 2023, 
  volume    = 45, 
  number    = 9, 
  pages     = {10850--10869}, 
  doi       = {10.1109/TPAMI.2023.3261988}, 
  url       = {https://doi.org/10.1109/TPAMI.2023.3261988}
}

@article{ref20,
  author    = {M. Zhang and Z. Cai and L. Pan and F. Hong and X. Guo and L. Yang and Z. Liu},
  title     = {MotionDiffuse: Text-Driven Human Motion Generation With Diffusion Model},
  journal   = {IEEE Transactions on Pattern Analysis and Machine Intelligence},
  year      = 2024,
  volume    = {46},
  number    = {6},
  pages     = {4115--4128},
  doi       = {10.1109/TPAMI.2024.3355414},
  url       = {https://doi.org/10.1109/TPAMI.2024.3355414}
}

@article{ref21,
  author    = {J. Chen and H. Chen and K. Chen and Y. Zhang and Z. Zou and Z. Shi},
  title     = {Diffusion Models for Imperceptible and Transferable Adversarial Attack},
  journal   = {IEEE Transactions on Pattern Analysis and Machine Intelligence},
  year      = 2025,
  volume    = {47},
  number    = {2},
  pages     = {961--977},
  doi       = {10.1109/TPAMI.2024.3480519},
  url       = {https://doi.org/10.1109/TPAMI.2024.3480519}
}

@article{ref22,
  author    = {M. U. Akbar and W. Wang and A. Eklund},
  title     = {Beware of diffusion models for synthesizing medical images—a comparison with GANs in terms of memorizing brain MRI and chest x-ray images},
  journal   = {Machine Learning: Science and Technology},
  year      = 2025,
  volume    = {6},
  number    = {1},
  pages     = {015022},
  doi       = {10.1088/2632-2153/ad9a3a},
  url       = {https://doi.org/10.1088/2632-2153/ad9a3a}
}

@article{ref23,
  author    = {T. Chakraborty and U. Reddy K S and S. M. Naik and M. Panja and B. Manvitha},
  title     = {Ten years of generative adversarial nets (GANs): a survey of the state-of-the-art},
  journal   = {Machine Learning: Science and Technology},
  year      = 2024,
  volume    = {5},
  number    = {1},
  pages     = {011001},
  doi       = {10.1088/2632-2153/ad1f77},
  url       = {https://doi.org/10.1088/2632-2153/ad1f77}
}

@article{ref24,
  author    = {J. Rydzewski and J. M. A. Grimme and M. W. F. Fischer},
  title     = {Manifold learning in atomistic simulations: a conceptual review},
  journal   = {Machine Learning: Science and Technology},
  year      = 2023,
  volume    = {4},
  number    = {3},
  pages     = {031001},
  doi       = {10.1088/2632-2153/ace81a},
  url       = {https://doi.org/10.1088/2632-2153/ace81a}
}

@article{ref25,
  author    = {M. Chen and S. Mei and J. Fan and M. Wang},
  title     = {An Overview of Diffusion Models: Applications, Guided Generation, Statistical Rates and Optimization},
  journal   = {arXiv preprint arXiv:2404.07771},
  year      = {2024},
  url       = {https://arxiv.org/abs/2404.07771}
}

@article{ref26,
  author    = {S. Nie and F. Zhu and Z. You and X. Zhang and J. Ou and J. Hu and J. Zhou and Y. Lin and J.-R. Wen and C. Li},
  title     = {Large Language Diffusion Models},
  journal   = {arXiv preprint arXiv:2502.09992},
  year      = {2025},
  url       = {https://arxiv.org/abs/2502.09992}
}

@article{ref27,
  author    = {L. Yang and Z. Zhang and Y. Song and S. Hong and R. Xu and Y. Zhao and W. Zhang and B. Cui and M.-H. Yang},
  title     = {Diffusion Models: A Comprehensive Survey of Methods and Applications},
  journal   = {ACM Computing Surveys},
  year      = 2024,
  note      = {arXiv preprint arXiv:2209.00796, accepted by ACM Computing Surveys},
  url       = {https://arxiv.org/abs/2209.00796}
}

@article{ref28,
  author    = {L. Fan and Y. Yang and F. Wang and N. Wang and Z. Zhang and Z. Cao and D. Lin},
  title     = {Super Sparse 3D Object Detection},
  journal   = {IEEE Transactions on Pattern Analysis and Machine Intelligence},
  year      = {2023},
  volume    = {45},
  number    = {10},
  pages     = {12490--12505},
  doi       = {10.1109/TPAMI.2023.3286409},
  url       = {https://ieeexplore.ieee.org/document/10153690}
}

@article{ref29,
  author    = {J. Ding and N. Xue and Y. Long and G.-S. Xia and Q. Lu and A. Bai and W. Yang and X. Yao},
  title     = {Object Detection in Aerial Images: A Large-Scale Benchmark and Challenges},
  journal   = {IEEE Transactions on Pattern Analysis and Machine Intelligence},
  year      = {2022},
  volume    = {44},
  number    = {11},
  pages     = {7778--7796},
  doi       = {10.1109/TPAMI.2021.3117988},
  url       = {https://ieeexplore.ieee.org/document/9560031}
}

@article{ref30,
  author    = {Y. Chen and X. Yuan and R. Wu and J. Wang and Q. Wang and L. Zhang and M.-M. Cheng},
  title     = {YOLO-MS: Rethinking Multi-Scale Representation Learning for Real-Time Object Detection},
  journal   = {IEEE Transactions on Pattern Analysis and Machine Intelligence},
  year      = 2025, 
  doi       = {10.1109/TPAMI.2025.10872821}, 
  url       = {https://www.computer.org/csdl/journal/tp/5555/01/10872821/24481ZkGRDG}
}

@article{ref31,
  author    = {Hualian Sheng and Sijia Cai and Na Zhao and Bing Deng and Qiao Liang and Min-Jian Zhao and Jieping Ye},
  title     = {CT3D++: Improving 3D Object Detection with Keypoint-induced Channel-wise Transformer},
  journal   = {CoRR},
  year      = {2024},
  volume    = {abs/2406.08152},
  url       = {https://dblp.org/rec/journals/corr/abs-2406-08152},
  doi       = {10.48550/ARXIV.2406.08152}
}

@article{ref32,
  author    = {P. Chen and X. Yu and X. Han and K. Wang and G. Li and L. Xie and Z. Han and J. Jiao},
  title     = {P2Object: Single Point Supervised Object Detection and Instance Segmentation},
  journal   = {International Journal of Computer Vision},
  year      = 2025,
  doi       = {10.1007/s11263-025-02441-3},
  url       = {https://link.springer.com/article/10.1007/s11263-025-02441-3}
}

@article{ref33,
  author    = {B. Yin and X. Zhang and L. Liu and M.-M. Cheng and Y. Liu and Q. Hou},
  title     = {Camouflaged Object Detection with Adaptive Partition and Background Retrieval},
  journal   = {International Journal of Computer Vision},
  year      = 2025,
  doi       = {10.1007/s11263-025-02406-6},
  url       = {https://link.springer.com/article/10.1007/s11263-025-02406-6}
}

@article{ref34,
  author    = {Y. Sun and J. Zhang and Y. Liu and X. Li},
  title     = {The evolution of object detection methods},
  journal   = {Pattern Recognition},
  year      = 2024,
  volume    = {148},
  pages     = {110438},
  url       = {https://www.sciencedirect.com/science/article/pii/S003132032400136X}
}

@article{ref35,
  author    = {M. Yang and X. Wang and G. Zhao},
  title     = {Single-shot object detection with enriched semantics},
  journal   = {Pattern Recognition},
  year      = 2020,
  volume    = {106},
  pages     = {107404},
  url       = {https://www.sciencedirect.com/science/article/pii/S0031320319303711}
}

@article{ref36,
  author    = {L. Liu and W. Ouyang and X. Wang and P. Fieguth and J. Chen and X. Liu and M. Pietikäinen},
  title     = {Deep learning for generic object detection: A survey},
  journal   = {Pattern Recognition},
  year      = 2020,
  volume    = {102},
  pages     = {107198},
  url       = {https://www.sciencedirect.com/science/article/pii/S0031320319303851}
}

@article{ref37,
  author    = {L. Jiao and F. Zhang and F. Liu and S. Yang and L. Li and Z. Feng and R. Qu},
  title     = {A Survey of Deep Learning-Based Object Detection},
  journal   = {IEEE Access},
  year      = 2019,
  volume    = {7},
  pages     = {128837--128868},
  url       = {https://ieeexplore.ieee.org/document/8825470}
}

@article{ref38,
  author    = {S. Y. Alaba and J. E. Ball},
  title     = {Transformer-Based Optimized Multimodal Fusion for 3D Object Detection in Autonomous Driving},
  journal   = {IEEE Access},
  year      = 2024,
  volume    = {12},
  pages     = {50165--50176},
  doi       = {10.1109/ACCESS.2024.10493018},
  url       = {https://ieeexplore.ieee.org/document/10493018}
}

@article{ref39,
  author    = {X. Jiang and Y. Wu},
  title     = {Remote Sensing Object Detection Based on Convolution and Swin Transformer},
  journal   = {IEEE Access},
  year      = {2023},
  volume    = {11},
  pages     = {38643--38656},
  doi       = {10.1109/ACCESS.2023.3267435},
  url       = {https://doi.org/10.1109/ACCESS.2023.3267435}
}

@article{ref40,
  author    = {N. Carion and F. Massa and G. Synnaeve and N. Usunier and A. Kirillov and S. Zagoruyko},
  title     = {End-to-End Object Detection with Transformers},
  journal   = {arXiv preprint arXiv:2005.12872},
  year      = {2020},
  url       = {https://arxiv.org/abs/2005.12872}
}

@article{ref41,
  author    = {A. Wang and H. Chen and L. Liu and K. Chen and Z. Lin and J. Han and G. Ding},
  title     = {YOLOv10: Real-Time End-to-End Object Detection},
  journal   = {arXiv preprint arXiv:2405.14458},
  year      = {2024},
  url       = {https://arxiv.org/abs/2405.14458}
}

@article{ref42,
  author    = {X. Wang and R. Girdhar and S. X. Yu and I. Misra},
  title     = {Cut and Learn for Unsupervised Object Detection and Instance Segmentation},
  journal   = {arXiv preprint arXiv:2301.11320},
  year      = {2023},
  url       = {https://arxiv.org/abs/2301.11320}
}

@article{ref43,
  author    = {Y. Rong and T. Leemann and T.-t. Nguyen and L. Fiedler and P. Qian and V. V. Unhelkar and T. Seidel and G. Kasneci and E. Kasneci},
  title     = {Towards Human-Centered Explainable AI: A Survey of User Studies for Model Explanations},
  journal   = {IEEE Transactions on Pattern Analysis and Machine Intelligence},
  year      = {2024}, 
  volume    = {46}, 
  number    = {4}, 
  pages     = {2104--2122}, 
  url       = {https://dblp.org/rec/journals/pami/RongLNFQUSKK24}
}

@article{ref44,
  author    = {X. Li and H. Ding and H. Yuan and W. Zhang and J. Pang and G. Cheng and K. Chen and Z. Liu and C. C. Loy},
  title     = {Transformer-Based Visual Segmentation: A Survey},
  journal   = {IEEE Transactions on Pattern Analysis and Machine Intelligence},
  year      = {2024},
  volume    = {46},
  number    = {6},
  pages     = {10138--10163},
  doi       = {10.1109/TPAMI.2024.10613466},
  url       = {https://dblp.org/rec/journals/pami/LiDYZPCCLL24}
}

@article{ref45,
  author    = {Chaoyang Zhu and Long Chen},
  title     = {A Survey on Open-Vocabulary Detection and Segmentation: Past, Present, and Future},
  journal   = {IEEE Transactions on Pattern Analysis and Machine Intelligence},
  year      = 2024,
  volume    = {46},
  number    = {12},
  pages     = {8954--8975},
  doi       = {10.1109/TPAMI.2024.3413013},
  url       = {https://dblp.org/rec/journals/pami/ZhuC24}
}

@article{ref46,
  author    = {Xinpeng Ding and Jianhua Han and Hang Xu and Wei Zhang and Xiaomeng Li},
  title     = {HiLM-D: Enhancing MLLMs with Multi-scale High-Resolution Details for Autonomous Driving},
  journal   = {International Journal of Computer Vision},
  year      = 2025,
  doi       = {10.1007/s11263-025-02433-3},
  url       = {https://link.springer.com/article/10.1007/s11263-025-02433-3}
}

@article{ref47,
  author    = {J. Wu and W. Yao and S. Jia and T. Jiang and W. Zhou and C. Ma and X. Chen},
  title     = {Gradient-based sparse voxel attacks on point cloud object detection},
  journal   = {Pattern Recognition},
  year      = 2025,
  volume    = {160},
  pages     = {111156},
  doi       = {10.1016/j.patcog.2024.111156},
  url       = {https://doi.org/10.1016/j.patcog.2024.111156}
}

@article{ref48,
  author    = {J. Tao and S. Chan and Z. Shi and C. Bai and S. Chen},
  title     = {FocTrack: Focus attention for visual tracking},
  journal   = {Pattern Recognition},
  year      = 2025, 
  volume    = {160}, 
  number    = {}, 
  pages     = {111128}, 
  doi       = {10.1016/j.patcog.2023.111128}, 
  url       = {https://doi.org/10.1016/j.patcog.2023.111128} 
}

@article{ref49,
  author    = {J. Yang and B. Hu and H. Li and Y. Liu and X. Gao and J. Han and F. Chen and X. Wu},
  title     = {Dynamic VAEs via semantic-aligned matching for continual zero-shot learning},
  journal   = {Pattern Recognition},
  year      = 2025,
  volume    = {160},
  pages     = {111199},
  doi       = {10.1016/j.patcog.2023.111199},
  url       = {https://doi.org/10.1016/j.patcog.2023.111199}
}

@article{ref50,
  author    = {M. R. Islam and S. H. Myeong and M. S. Morshed and D. H. Kim and J. A. Lee and J. H. Kim},
  title     = {Deep Learning and Computer Vision Techniques for Enhanced Quality Control in Manufacturing Processes},
  journal   = {IEEE Access},
  year      = 2024,
  volume    = {12},
  pages     = {121449--121479},
  doi       = {10.1109/ACCESS.2024.3332226},
  url       = {https://ieeexplore.ieee.org/document/10663422/}
}

@article{ref52,
  author    = {I. Ahmed and T. Xie and A. K. Bashir and A. D. Jurcut},
  title     = {Computer Vision Based Transfer Learning-Aided Transformer Model for Plant Disease Recognition},
  journal   = {IEEE Access},
  year      = 2024, 
  volume    = {12}, 
  pages     = {28798--28809}, 
  doi       = {10.1109/ACCESS.2024.3363345}, 
  url       = {http://ieeexplore.ieee.org/document/10440637/}
}

@article{ref53,
  author    = {Alec Radford and Jong Wook Kim and Chris Hallacy and Aditya Ramesh and Gabriel Goh and Sandhini Agarwal and Girish Sastry and Amanda Askell and Pamela Mishkin and Jack Clark and Gretchen Krueger and Ilya Sutskever},
  title     = {Learning Transferable Visual Models From Natural Language Supervision},
  journal   = {arXiv preprint arXiv:2103.00020},
  year      = 2021,
  url       = {https://arxiv.org/abs/2103.00020}
}

@article{ref54,
  author    = {Ze Liu and Yutong Lin and Yue Cao and Han Hu and Yixuan Wei and Zheng Zhang and Stephen Lin and Baining Guo},
  title     = {Swin Transformer: Hierarchical Vision Transformer Using Shifted Windows},
  journal   = {arXiv preprint arXiv:2103.14030},
  year      = {2021},
  url       = {https://arxiv.org/abs/2103.14030}
}

@article{ref55,
  author    = {Kaiming He and Georgia Gkioxari and Piotr Dollár and Ross Girshick},
  title     = {Mask R-CNN},
  journal   = {arXiv preprint arXiv:1703.06870},
  year      = 2017,
  url       = {https://arxiv.org/abs/1703.06870}
}

@article{ref57,
  author    = {Y. Wang and G. Huang and S. Song and X. Pan and Y. Xia and C. Wu},
  title     = {Regularizing Deep Networks With Semantic Data Augmentation},
  journal   = {IEEE Transactions on Pattern Analysis and Machine Intelligence},
  year      = 2022, 
  volume    = {44}, 
  number    = {7}, 
  pages     = {3733-3748}, 
  doi       = {10.1109/TPAMI.2021.3056495}, 
  url       = {https://ieeexplore.ieee.org/document/9332260}
}

@article{ref59,
  author    = {C.-H. Lin and C. Kaushik and E. L. Dyer and V. Muthukumar},
  title     = {The good, the bad and the ugly sides of data augmentation: An implicit spectral regularization perspective},
  journal   = {Journal of Machine Learning Research},
  year      = 2024, 
  volume    = {25}, 
  number    = {91}, 
  pages     = {1--85}, 
  url       = {https://jmlr.org/papers/volume25/22-1312/22-1312.pdf}
}

@article{ref60,
  author    = {S. Chen and E. Dobriban and J. H. Lee},
  title     = {A Group-Theoretic Framework for Data Augmentation},
  journal   = {Journal of Machine Learning Research},
  year      = {2020},
  volume    = {21},
  number    = {245},
  pages     = {1--71},
  url       = {https://www.jmlr.org/papers/volume21/20-163/20-163.pdf}
}

@article{ref61,
  author    = {L. L. Duan and J. E. Johndrow and D. B. Dunson},
  title     = {Scaling up Data Augmentation MCMC via Calibration},
  journal   = {Journal of Machine Learning Research},
  year      = {2018},
  volume    = {19},
  number    = {64},
  pages     = {1--34},
  url       = {https://jmlr.org/papers/volume19/17-573/17-573.pdf}
}

@article{ref62,
  author    = {H. Yang and J. Li and K. Z. Lim and C. Pan and T. V. Truong and Q. Wang and K. Li and S. Li and X. Xiao and M. Ding and T. Chen and X. Liu and Q. Xie and P. Valdivia y. Alvarado and X. Wang and P.-Y. Chen},
  title     = {Automatic strain sensor design via active learning and data augmentation for soft machines},
  journal   = {Nature Machine Intelligence},
  year      = 2022, 
  volume    = 4, 
  number    = 1, 
  pages     = {84--94}, 
  doi       = {10.1038/s42256-021-00434-8}, 
  url       = {https://www.nature.com/articles/s42256-021-00434-8}
}

@article{ref63,
  author    = {Duanhua Cao and Geng Chen and Jiaxin Jiang and Jie Yu and Runze Zhang and Mingan Chen and Wei Zhang and Lifan Chen and Feisheng Zhong and Yingying Zhang and Chenghao Lu and Xutong Li and Xiaomin Luo and Sulin Zhang and Mingyue Zheng},
  title     = {Generic protein--ligand interaction scoring by integrating physical prior knowledge and data augmentation modelling},
  journal   = {Nature Machine Intelligence},
  year      = {2024},
  volume    = {6},
  number    = {6},
  pages     = {688--700},
  doi       = {10.1038/s42256-024-00849-z},
  url       = {https://www.nature.com/articles/s42256-024-00849-z}
}

@article{ref64,
  author    = {P.-D. Tudosiu and W. H. L. Pinaya and P. Ferreira Da Costa and J. Dafflon and A. Patel and P. Borges and V. Fernandez and M. S. Graham and R. J. Gray and P. Nachev and S. Ourselin and M. J. Cardoso},
  title     = {Realistic morphology-preserving generative modelling of the brain},
  journal   = {Nature Machine Intelligence},
  year      = 2024,
  volume    = {6},
  number    = {7},
  pages     = {811--819},
  doi       = {10.1038/s42256-024-00864-0},
  url       = {https://www.nature.com/articles/s42256-024-00864-0}
}

@article{ref65,
  author    = {Connor Shorten and Taghi M. Khoshgoftaar},
  title     = {A survey on Image Data Augmentation for Deep Learning},
  journal   = {Journal of Big Data},
  year      = 2019,
  volume    = {6},
  number    = {1},
  pages     = {60},
  doi       = {10.1186/s40537-019-0197-0},
  url       = {https://journalofbigdata.springeropen.com/articles/10.1186/s40537-019-0197-0}
}

@article{ref66,
  author    = {C. Shorten and T. M. Khoshgoftaar and B. Furht},
  title     = {Text Data Augmentation for Deep Learning},
  journal   = {Journal of Big Data},
  year      = {2021},
  volume    = {8},
  number    = {},
  pages     = {101},
  url       = {https://journalofbigdata.springeropen.com/articles/10.1186/s40537-021-00492-0}
}

@article{ref67,
  author    = {Ejiyi, Chukwuebuka Joseph and Cai, Dongsheng and Eze, Francis Ofoma and Ejiyi, Makuachukwu Bennedith and Idoko, Jennifer Ene and Asere, Sarpong Kwadwo and Ejiyi, Thomas Ugochukwu},
  title     = {Polynomial-SHAP as a SMOTE alternative in conglomerate neural networks for realistic data augmentation in cardiovascular and breast cancer diagnosis},
  journal   = {Journal of Big Data},
  year      = 2025,
  volume    = {12},
  number    = {},
  pages     = {Article 97},
  doi       = {10.1186/s40537-025-01152-3},
  url       = {https://journalofbigdata.springeropen.com/articles/10.1186/s40537-025-01152-3}
}

@article{ref68,
  author    = {Z. Wang and P. Wang and K. Liu and P. Wang and Y. Fu and C.-T. Lu and C. C. Aggarwal and J. Pei and Y. Zhou},
  title     = {A Comprehensive Survey on Data Augmentation},
  journal   = {arXiv preprint arXiv:2405.09591 [cs.LG]},
  year      = 2024,
  month     = may,
  url       = {https://arxiv.org/abs/2405.09591}
}

@article{ref69,
  author    = {B. Li and Y. Hou and W. Che},
  title     = {Data Augmentation Approaches in Natural Language Processing: A Survey},
  journal   = {arXiv preprint arXiv:2110.01852 [cs.CL]},
  year      = 2022,
  month     = jun,
  url       = {https://arxiv.org/abs/2110.01852}
}

@article{ref70,
  author    = {C. Hou and J. Zhang and T. Zhou},
  title     = {When to Learn What: Model-Adaptive Data Augmentation Curriculum},
  journal   = {arXiv preprint arXiv:2309.04747},
  year      = {2023},
  month     = {sep},
  url       = {https://arxiv.org/abs/2309.04747}
}

@article{ref71,
  author    = {L. Lin and H. Mu and Z. Zhai and M. Wang and Y. Wang and R. Wang and J. Gao and Y. Zhang and W. Che and T. Baldwin and X. Han and H. Li},
  title     = {Against The Achilles’ Heel: A Survey on Red Teaming for Generative Models},
  journal   = {Journal of Artificial Intelligence Research},
  year      = 2025,
  volume    = {82},
  pages     = {1--84},
  url       = {https://www.jair.org/index.php/jair/article/view/17654}
}

@article{ref72,
  author    = {A. Karev and D. Xu},
  title     = {ConSCompF: Consistency-focused Similarity Comparison Framework for Generative Large Language Models},
  journal   = {Journal of Artificial Intelligence Research},
  year      = 2025,
  volume    = {82},
  pages     = {1-32},
  url       = {https://www.jair.org/index.php/jair/article/view/17028}
}

@article{ref73,
  author    = {Genta Indra Winata and Hanyang Zhao and Anirban Das and Wenpin Tang and David D. Yao and Shi-Xiong Zhang and Sambit Sahu},
  title     = {Preference Tuning with Human Feedback on Language, Speech, and Vision Tasks: A Survey},
  journal   = {Journal of Artificial Intelligence Research},
  year      = 2025,
  volume    = {82},
  pages     = {1--55},
  doi       = {10.1613/jair.1.17541},
  url       = {https://www.jair.org/index.php/jair/article/view/17541}
}

@article{ref74,
  author    = {S. Perdikis and R. Leeb and R. Chavarriaga and J. d. R. Millán},
  title     = {Context-Aware Learning for Generative Models},
  journal   = {IEEE Transactions on Neural Networks and Learning Systems},
  year      = {2021}, 
  volume    = {32}, 
  number    = {8}, 
  pages     = {3471--3483}, 
  doi       = {10.1109/TNNLS.2020.3014897}, 
  url       = {https://ieeexplore.ieee.org/document/9163155}
}

@article{ref75,
  author    = {C. Du and J. Zhu and B. Zhang},
  title     = {Learning Deep Generative Models With Doubly Stochastic MCMC},
  journal   = {IEEE Transactions on Neural Networks and Learning Systems},
  year      = {2017},
  volume    = {28},
  number    = {6},
  pages     = {1371--1383},
  doi       = {10.1109/TNNLS.2017.2688499},
  url       = {https://ieeexplore.ieee.org/document/7961239}
}

@article{ref76,
  author    = {M. Dedeoglu and S. Lin and Z. Zhang and J. Zhang},
  title     = {Continual Learning of Generative Models With Limited Data: From Wasserstein-1 Barycenter to Adaptive Coalescence},
  journal   = {IEEE Transactions on Neural Networks and Learning Systems},
  year      = 2024,
  volume    = 35,
  number    = 9,
  pages     = {12042--12055},
  doi       = {10.1109/TNNLS.2024.10070745},
  url       = {https://ieeexplore.ieee.org/document/10070745}
}

@article{ref77,
  author    = {Philipp Hess and Michael Aich and Baoxiang Pan and Niklas Boers},
  title     = {Fast, scale-adaptive and uncertainty-aware downscaling of Earth system model fields with generative machine learning},
  journal   = {Nature Machine Intelligence},
  year      = 2025,
  volume    = {7},
  pages     = {363--373},
  doi       = {10.1038/s42256-025-00980-5},
  url       = {https://www.nature.com/articles/s42256-025-00980-5}
}

@article{ref78,
  author    = {Ziqi Chen and Bo Peng and Xia Ning and Mengxuan Zhou and Jiaqi Zhu and Pengyong Li and Rongrong Jin and Long Zhang},
  title     = {Generating 3D small binding molecules using shape-conditioned diffusion models with guidance},
  journal   = {Nature Machine Intelligence},
  year      = 2025,
  volume    = {7},
  pages     = {588--591},
  url       = {https://www.nature.com/articles/s42256-025-01009-4}
}

@article{ref79,
  author    = {Yashar Deldjoo and Zhi He and Julian McAuley and Andrey Korikov and Scott Sanner and Arnau Ramisa and Ramon Vidal and Mahinthan Sathiamoorthy and Amirhossein Kasrizadeh and Simone Milano and Francesco Ricci},
  title     = {Recommendation with Generative Models},
  journal   = {arXiv preprint arXiv:2409.15173},
  year      = {2024},
  month     = {sep},
  url       = {https://arxiv.org/abs/2409.15173}
}

@article{ref80,
  author    = {T. Karras and M. Aittala and T. Aila and S. Laine},
  title     = {Elucidating the Design Space of Diffusion-Based Generative Models},
  journal   = {arXiv preprint arXiv:2206.00364},
  year      = 2022,
  url       = {https://arxiv.org/abs/2206.00364}
}

@article{ref81,
  author    = {X. Du and N. Kolkin and G. Shakhnarovich and A. Bhattad},
  title     = {Generative Models: What Do They Know? Do They Know Things? Let's Find Out!},
  journal   = {arXiv preprint arXiv:2311.17137},
  year      = 2024,
  month     = oct,
  url       = {https://arxiv.org/abs/2311.17137}
}

@article{ref84,
  author    = {V. Claveau and A. Chaffin and E. Kijak},
  title     = {Generating artificial texts as substitution or complement of training data},
  journal   = {Artificial Intelligence},
  year      = {2021},
  volume    = {298},
  pages     = {103528},
  url       = {https://arxiv.org/pdf/2110.13016}
}

@article{ref86,
  author    = {L. Jing and Y. Tian},
  title     = {Self-Supervised Visual Feature Learning With Deep Neural Networks: A Survey},
  journal   = {IEEE Transactions on Pattern Analysis and Machine Intelligence},
  year      = {2021},
  volume    = {43},
  number    = {11},
  pages     = {4037--4058},
  doi       = {10.1109/TPAMI.2020.2992393},
  url       = {https://ieeexplore.ieee.org/document/9086055}
}

@article{ref87,
  author    = {M. C. Tsakiris},
  title     = {Low-Rank Matrix Completion Theory via Plücker Coordinates},
  journal   = {IEEE Transactions on Pattern Analysis and Machine Intelligence},
  year      = {2023},
  volume    = {45},
  number    = {8},
  pages     = {10084--10099},
  url       = {https://ieeexplore.ieee.org/document/10056236}
}

@article{ref88,
  author    = {Gao, Cong and Killeen, Benjamin D. and Hu, Yicheng and Grupp, Robert B. and Taylor, Russell H. and Armand, Mehran and Unberath, Mathias},
  title     = {Synthetic data accelerates the development of generalizable learning-based algorithms for X-ray image analysis},
  journal   = {Nature Machine Intelligence},
  year      = 2023, 
  volume    = 5, 
  pages     = {294--308}, 
  doi       = {10.1038/s42256-023-00629-1}, 
  url       = {https://www.nature.com/articles/s42256-023-00629-1}
}

@article{ref89,
  author    = {Xiaodan Xing and Fadong Shi and Jiahao Huang and Yinzhe Wu and Yang Nan and Sheng Zhang and Yingying Fang and Michael Roberts and Carola-Bibiane Sch{\"o}nlieb and Javier Del Ser and Guang Yang},
  title     = {On the caveats of AI autophagy},
  journal   = {Nature Machine Intelligence},
  year      = 2025,
  volume    = {7},
  number    = {},
  pages     = {172--180},
  doi       = {10.1038/s42256-025-00984-1},
  url       = {https://www.nature.com/articles/s42256-025-00984-1}
}

@article{ref90,
  author    = {Y. Tang and J. Weng and P. Zhang},
  title     = {Neural-network solutions to stochastic reaction networks},
  journal   = {Nature Machine Intelligence},
  year      = 2023,
  volume    = {5},
  pages     = {376--385},
  doi       = {10.1038/s42256-023-00632-6},
  url       = {https://www.nature.com/articles/s42256-023-00632-6}
}

@article{ref91,
  author    = {Wijnand van Woerkom and Davide Grossi and Henry Prakken and Bart Verheij},
  title     = {A Fortiori Case-Based Reasoning: From Theory to Data},
  journal   = {Journal of Artificial Intelligence Research},
  year      = 2024,
  volume    = {81},
  pages     = {2113--2151},
  doi       = {10.1613/jair.1.15178},
  url       = {https://doi.org/10.1613/jair.1.15178}
}

@article{ref92,
  author    = {Ying Wang and Fuyuan Ma and Zhaoqi Yang and Yaodi Zhu and Bo Yang and Pengfei Shen and Lei Yun},
  title     = {Rumor Detection with Adaptive Data Augmentation and Adversarial Training},
  journal   = {Journal of Artificial Intelligence Research},
  year      = 2025,
  volume    = {82},
  pages     = {1--34},
  doi       = {10.1613/jair.1.16963},
  url       = {https://doi.org/10.1613/jair.1.16963}
}

@article{ref93,
  author    = {Serban Stan and Mohammad Rostami},
  title     = {Preserving Fairness in AI under Domain Shift},
  journal   = {Journal of Artificial Intelligence Research},
  year      = 2024,
  volume    = {81},
  pages     = {1966--2003},
  doi       = {10.1613/jair.1.16694},
  url       = {https://doi.org/10.1613/jair.1.16694}
}

@article{ref94,
  author    = {R. Timpone and Y. Yang},
  title     = {Artificial Data, Real Insights: Evaluating Opportunities and Risks of Expanding the Data Ecosystem with Synthetic Data},
  journal   = {arXiv preprint arXiv:2408.15260},
  year      = 2024,
  month     = aug,
  url       = {https://arxiv.org/abs/2408.15260}
}

@article{ref95,
  author    = {R. Liu and J. Wei and F. Liu and C. Si and Y. Zhang and J. Rao and S. Zheng and D. Peng and D. Yang and D. Zhou and A. M. Dai},
  title     = {Best Practices and Lessons Learned on Synthetic Data},
  journal   = {arXiv preprint arXiv:2404.07503},
  year      = {2024},
  month     = {Aug},
  url       = {https://arxiv.org/abs/2404.07503}
}

@article{ref96,
  author    = {M. Ibrahim and Y. Al Khalil and S. Amirrajab and C. Sun and M. Breeuwer and J. Pluim and B. Elen and G. Ertaylan and M. Dumontier},
  title     = {Generative AI for Synthetic Data Across Multiple Medical Modalities: A Systematic Review of Recent Developments and Challenges},
  journal   = {arXiv preprint arXiv:2407.00116},
  year      = {2024},
  url       = {https://arxiv.org/abs/2407.00116}
}

@article{ref97,
  author    = {G. Wang and J. Zhang and K. Zhang and R. Huang and L. Fang},
  title     = {GiganticNVS: Gigapixel Large-Scale Neural Rendering With Implicit Meta-Deformed Manifold},
  journal   = {IEEE Transactions on Pattern Analysis and Machine Intelligence},
  year      = 2024,
  volume    = {46},
  number    = {1},
  pages     = {338-353},
  doi       = {10.1109/TPAMI.2023.3323069},
  url       = {https://doi.org/10.1109/TPAMI.2023.3323069}
}

@article{ref98,
  author    = {Y. Luo and Q. Yang and Y. Fan and H. Qi and M. Xia},
  title     = {Measurement Guidance in Diffusion Models: Insight from Medical Image Synthesis},
  journal   = {IEEE Transactions on Pattern Analysis and Machine Intelligence},
  year      = 2024, 
  volume    = {46}, 
  number    = {12}, 
  pages     = {7983--7997}, 
  doi       = {10.1109/TPAMI.2024.3363309}, 
  url       = {https://doi.org/10.1109/TPAMI.2024.3363309}
}

@article{ref99,
  author    = {Z. Wan and J. Zhang and D. Chen and J. Liao},
  title     = {High-Fidelity and Efficient Pluralistic Image Completion With Transformers},
  journal   = {IEEE Transactions on Pattern Analysis and Machine Intelligence},
  year      = 2024,
  volume    = 46,
  number    = 12,
  pages     = {9612--9629},
  doi       = {10.1109/TPAMI.2024.3382342},
  url       = {https://doi.org/10.1109/TPAMI.2024.3382342}
}

@article{ref100,
  author    = {Zichen Yang and Haifeng Liu and Deng Cai},
  title     = {On the Diversity of Conditional Image Synthesis With Semantic Layouts},
  journal   = {IEEE Transactions on Image Processing},
  year      = 2019, 
  volume    = 28, 
  number    = 6, 
  pages     = {2898--2907}, 
  doi       = {10.1109/TIP.2019.2891935}, 
  url       = {https://doi.org/10.1109/TIP.2019.2891935} 
}

@article{ref102,
  author    = {Hongchen Tan and Xiuping Liu and Meng Liu and Baocai Yin and Xin Li},
  title     = {KT-GAN: Knowledge-Transfer Generative Adversarial Network for Text-to-Image Synthesis},
  journal   = {IEEE Transactions on Image Processing},
  year      = 2021, 
  volume    = {30}, 
  pages     = {1275--1290}, 
  doi       = {10.1109/TIP.2021.3049544}, 
  url       = {https://doi.org/10.1109/TIP.2021.3049544}
}

@article{ref103,
  author    = {Y. X. Tan and C. P. Lee and M. Neo and K. M. Lim},
  title     = {Text-to-image synthesis with self-supervised learning},
  journal   = {Pattern Recognition},
  year      = 2022, 
  volume    = {127}, 
  pages     = {108633}, 
  url       = {https://www.sciencedirect.com/science/article/pii/S0167865522001064}
}

@article{ref105,
  author    = {Vamsidhar Talasila and M. Ramana Narasingarao and M. V. Murali Mohan},
  title     = {Optimized GAN for text-to-image synthesis: Hybrid Whale Optimization Algorithm and Dragonfly Algorithm},
  journal   = {Pattern Recognition},
  year      = {2022},
  volume    = {128},
  pages     = {108610},
  doi       = {10.1016/j.patcog.2021.108610},
  url       = {https://www.sciencedirect.com/science/article/pii/S0031320321006535}
}

@article{ref106,
  author    = {Qiushi Sun and Jingtao Guo and Yi Liu},
  title     = {Face image synthesis from facial parts},
  journal   = {EURASIP Journal on Image and Video Processing},
  year      = 2022,
  volume    = {2022},
  number    = {1},
  pages     = {7},
  doi       = {10.1186/s13640-022-00585-7},
  url       = {https://jivp-eurasipjournals.springeropen.com/articles/10.1186/s13640-022-00585-7}
}

@article{ref107,
  author    = {Li Yao and Qiurui Lu and Xiaomin Li},
  title     = {View synthesis based on spatio-temporal continuity},
  journal   = {EURASIP Journal on Image and Video Processing},
  year      = 2019,
  volume    = {2019},
  number    = {86},
  pages     = {1--18},
  doi       = {10.1186/s13640-019-0485-9},
  url       = {https://jivp-eurasipjournals.springeropen.com/articles/10.1186/s13640-019-0485-9}
}

@article{ref108,
  author    = {Dragana Sandić-Stanković and Dragan Kukolj and Patrick Le Callet},
  title     = {DIBR-synthesized image quality assessment based on morphological multi-scale approach},
  journal   = {EURASIP Journal on Image and Video Processing},
  year      = {2017},
  volume    = {2017},
  number    = {4},
  pages     = {1--23},
  doi       = {10.1186/s13640-016-0124-7},
  url       = {https://jivp-eurasipjournals.springeropen.com/articles/10.1186/s13640-016-0124-7}
}

@article{ref109,
  author    = {R. Rombach and A. Blattmann and D. Lorenz and P. Esser and B. Ommer},
  title     = {High-Resolution Image Synthesis with Latent Diffusion Models},
  journal   = {arXiv preprint arXiv:2112.10752},
  year      = {2022},
  url       = {https://arxiv.org/abs/2112.10752}
}

@article{ref110,
  author    = {X. Ouyang and Y. Chen and K. Zhu and G. Agam},
  title     = {Fine-grained Text to Image Synthesis},
  journal   = {arXiv preprint arXiv:2412.07196},
  year      = {2024},
  url       = {https://arxiv.org/abs/2412.07196}
}

@article{ref111,
  author    = {F. Liu and X. Chang},
  title     = {IIDM: Image-to-Image Diffusion Model for Semantic Image Synthesis},
  journal   = {arXiv preprint arXiv:2403.13378, accepted by CVMJ 2024},
  year      = 2024,
  url       = {https://arxiv.org/abs/2403.13378}
}
@article{ref10,
  author    = {I. Joshi and M. Grimmer and J. Fierrez and A. Dantcheva and J. L. Crowley and J. Busch},
  title     = {Synthetic Data in Human Analysis: A Survey},
  journal   = {IEEE Transactions on Pattern Analysis and Machine Intelligence},
  volume    = {46},
  number    = {7},
  pages     = {4957--4976},
  year      = {2024},
  month     = {July},
  note      = {\url{https://ieeexplore.ieee.org/document/10423161}}
}

@article{ref56,
  author    = {C. Chadebec and E. Thibeau-Sutre and N. Burgos and S. Allassonnière},
  title     = {Data Augmentation in High Dimensional Low Sample Size Setting Using a Geometry-Based Variational Autoencoder},
  journal   = {IEEE Transactions on Pattern Analysis and Machine Intelligence},
  volume    = {45},
  number    = {3},
  pages     = {2879--2896},
  year      = {2023},
  month     = {March},
  doi       = {10.1109/TPAMI.2022.3185773},
  note      = {\url{https://ieeexplore.ieee.org/document/9806307}}
}

@article{ref85,
  author    = {S. Kong and D. Ramanan},
  title     = {OpenGAN: Open-Set Recognition via Open Data Generation},
  journal   = {IEEE Transactions on Pattern Analysis and Machine Intelligence},
  volume    = {47},
  number    = {5},
  pages     = {3233--3243},
  year      = {2025},
  month     = {May},
  note      = {\url{https://ieeexplore.ieee.org/document/9799769}}
}

@article{ref104,
  author    = {Y. Dong and Y. Zhang and L. Ma and Z. Wang and J. Luo},
  title     = {Unsupervised text-to-image synthesis},
  journal   = {Pattern Recognition},
  volume    = {110},
  pages     = {107637},
  year      = {2021},
  note      = {\url{https://www.sciencedirect.com/science/article/pii/S0031320320303769}}
}

@article{ref51,
  author    = {V. Kumar and P. Singh and S. Sharma and R. Prasad},
  title     = {Computer Vision-Based Framework for Data Extraction From Document Images Using Deep Learning Techniques},
  journal   = {IEEE Access},
  volume    = {13},
  pages     = {17706--17723},
  year      = {2024},
  doi       = {10.1109/ACCESS.2024.3351125},
  note      = {\url{https://ieeexplore.ieee.org/document/10813363/}}
}

@article{ref58,
  author    = {J. Shi and L. Ma and X. Wei and C. Fang and Y. Zhang},
  title     = {Differentiable Image Data Augmentation and Its Applications: A Survey},
  journal   = {IEEE Transactions on Pattern Analysis and Machine Intelligence},
  volume    = {46},
  number    = {2},
  pages     = {1148--1164},
  year      = {2024},
  month     = {February},
  doi       = {10.1109/TPAMI.2023.3330862},
  note      = {\url{https://ieeexplore.ieee.org/document/10310260}}
}

@article{ref82,
  author    = {L. Yang and S. Wang and J. Yang and T. Nguyen and A. S. Aved and J. Z. Wang},
  title     = {Artificial Data Synthesis for Machine Learning: A Review},
  journal   = {Artificial Intelligence},
  volume    = {294},
  pages     = {103492},
  year      = {2021},
  note      = {\url{https://www.sciencedirect.com/science/article/pii/S0004370221000644}}
}

@article{ref83,
  author    = {A. P. Dempster and N. M. Laird and D. B. Rubin},
  title     = {Artificial Data in Bootstrapping: Perspectives on the Origins and Implications},
  journal   = {Artificial Intelligence},
  volume    = {323},
  pages     = {103194},
  year      = {2023},
  note      = {\url{https://www.sciencedirect.com/science/article/pii/S0004370222001456}}
}

@article{ref101,
  author    = {Junjun Jiang and Yi Yu and Zheng Wang and Xianming Liu and Jiayi Ma},
  title     = {Graph-Regularized Locality-Constrained Joint Dictionary and Residual Learning for Face Sketch Synthesis},
  journal   = {IEEE Transactions on Image Processing},
  volume    = {28},
  number    = {2},
  pages     = {628--641},
  year      = {2019},
  month     = {February},
  doi       = {10.1109/TIP.2018.2870936},
  note      = {\url{https://doi.org/10.1109/TIP.2018.2870936}}
}
