@article{ref1,
  author    = {Chin Siang Ong and Nicholas T. Obey and Yanan Zheng and Arman Cohan and Eric B. Schneider},
  title     = {SurgeryLLM: a retrieval-augmented generation large language model framework for surgical decision support and workflow enhancement},
  journal   = {npj Digital Medicine},
  year      = 2024,
  volume    = {7},
  number    = {},
  pages     = {Article number: 364},
  doi       = {10.1038/s41746-024-01391-3},
  url       = {https://www.nature.com/articles/s41746-024-01391-3}
}

@article{ref2,
  author    = {Y. H. Ke and L. Jin and K. Elangovan and H. R. Abdullah and N. Liu and A. T. H. Sia and C. R. Soh and J. Y. M. Tung and J. C. L. Ong and C.-F. Kuo and S.-C. Wu and V. P. Kovacheva and D. S. W. Ting},
  title     = {Retrieval augmented generation for 10 large language models and its generalizability in assessing medical fitness},
  journal   = {npj Digital Medicine},
  year      = 2025,
  volume    = {8},
  number    = {},
  pages     = {Article no. 187},
  url       = {https://www.nature.com/articles/s41746-025-01519-z}
}

@article{ref3,
  author    = {Ivan Lopez and Akshay Swaminathan and Karthik Vedula and Sanjana Narayanan and Fateme Nateghi Haredasht and Stephen P. Ma and April S. Liang and Steven Tate and Manoj Maddali and Robert Joseph Gallo and Nigam H. Shah and Jonathan H. Chen},
  title     = {Clinical entity augmented retrieval for clinical information extraction},
  journal   = {npj Digital Medicine},
  year      = {2025},
  volume    = {8},
  number    = {},
  pages     = {},
  doi       = {10.1038/s41746-024-01377-1},
  url       = {https://www.nature.com/articles/s41746-024-01377-1}
}

@article{ref4,
  author    = {L. Huang and J. Yang and Z. H. Zhang},
  title     = {A Comprehensive Review on Retrieval-Augmented Language Models},
  journal   = {IEEE Transactions on Neural Networks and Learning Systems},
  year      = 2022,
  volume    = {33},
  number    = {5},
  pages     = {2348--2361}
}

@article{ref5,
  author    = {S. Liu and A. B. McCoy and A. Wright},
  title     = {Improving large language model applications in biomedicine with retrieval-augmented generation: a systematic review, meta-analysis, and clinical development guidelines},
  journal   = {Journal of the American Medical Informatics Association},
  year      = 2025, 
  volume    = {32}, 
  number    = {4}, 
  pages     = {605--615}, 
  doi       = {10.1093/jamia/ocaf008}, 
  url       = {https://pubmed.ncbi.nlm.nih.gov/39812777/} 
}

@article{ref6,
  author    = {Y. Li and J. Zhao and M. Li and Y. Dang and E. Yu and J. Li and Z. Sun and U. Hussein and J. Wen and A. M. Abdelhameed and J. Mai and S. Li and Y. Yu and X. Hu and D. Yang and J. Feng and Z. Li and J. He and W. Tao and T. Duan and Y. Lou and F. Li and C. Tao},
  title     = {RefAI: a GPT-powered retrieval-augmented generative tool for biomedical literature recommendation and summarization},
  journal   = {Journal of the American Medical Informatics Association},
  year      = 2024,
  volume    = {31},
  number    = {9},
  pages     = {2030--2039},
  doi       = {10.1093/jamia/ocae129},
  url       = {https://pubmed.ncbi.nlm.nih.gov/38857454/}
}

@article{ref7,
  author    = {Zhan, Z. and Zhou, S. and Li, M. and Zhang, R.},
  title     = {RAMIE: retrieval-augmented multi-task information extraction with large language models on dietary supplements},
  journal   = {Journal of the American Medical Informatics Association},
  year      = 2025, 
  volume    = 32, 
  number    = 3, 
  pages     = {545--554}, 
  doi       = {10.1093/jamia/ocaf002}, 
  url       = {https://pubmed.ncbi.nlm.nih.gov/39798153/} 
}

@article{ref8,
  author    = {Y. Gao and Y. Xiong and X. Gao and K. Jia and J. Pan and Y. Bi and Y. Dai and J. Sun and M. Wang and H. Wang},
  title     = {Retrieval-Augmented Generation for Large Language Models: A Survey},
  journal   = {arXiv preprint arXiv:2312.10997},
  year      = 2024,
  url       = {https://arxiv.org/abs/2312.10997}
}

@article{ref9,
  author    = {H. Wang and A. Prasad and E. Stengel-Eskin and M. Bansal},
  title     = {Retrieval-Augmented Generation with Conflicting Evidence},
  journal   = {arXiv preprint arXiv:2504.13079},
  year      = 2025,
  url       = {https://arxiv.org/abs/2504.13079}
}

@inproceedings{ref10,
  author    = {P. Lewis and E. Perez and A. Piktus and F. Petroni and V. Karpukhin and N. Goyal and H. Küttler and M. Lewis and W. Yih and T. Rocktäschel and S. Riedel and D. Kiela},
  title     = {Retrieval-Augmented Generation for Knowledge-Intensive NLP Tasks},
  booktitle = {Advances in Neural Information Processing Systems (NeurIPS)},
  volume    = {33},
  year      = {2020},
  url       = {https://arxiv.org/abs/2005.11401},
  note      = {arXiv:2005.11401}
}

@article{ref11,
  author    = {Chuyuan Wei and Ke Duan and Shengda Zhuo and Hongchun Wang and Shuqiang Huang and Jie Liu},
  title     = {Enhanced Recommendation Systems with Retrieval-Augmented Large Language Model},
  journal   = {Journal of Artificial Intelligence Research},
  year      = {2025},
  volume    = {82},
  pages     = {1--27},
  url       = {https://jair.org/index.php/jair/article/view/17809}
}

@article{ref12,
  author    = {Maurice Abaho and Jialiang Guo and Sebastien Harpe},
  title     = {Enhanced Dense Retrieval Knowledge Graph Augmentation},
  journal   = {Journal of Artificial Intelligence Research},
  year      = 2024,
  volume    = {80},
  pages     = {1139--1178},
  url       = {https://jair.org/index.php/jair/article/view/14365}
}

@article{ref13,
  author    = {Federico Castagna and Sara Tonelli and Serena Villata},
  title     = {Computational Argumentation-based Chatbots: a Survey},
  journal   = {Journal of Artificial Intelligence Research},
  year      = 2024,
  volume    = {80},
  pages     = {1269--1330},
  doi       = {10.1613/jair.1.15407},
  url       = {https://jair.org/index.php/jair/article/view/15407}
}

@article{ref14,
  author    = {Ohad Rubin and Jonathan Berant},
  title     = {Retrieval-Pretrained Transformer: Long-range Language Modeling with Self-retrieval},
  journal   = {Transactions of the Association for Computational Linguistics},
  year      = {2024}, 
  volume    = {12}, 
  url       = {https://transacl.org/index.php/tacl/article/view/6313}
}

@article{ref15,
  author    = {Ori Ram and Yoav Levine and Itay Dalmedigos and Dor Muhlgay and Amnon Shashua and Kevin Leyton-Brown and Yoav Shoham},
  title     = {In-Context Retrieval-Augmented Language Models},
  journal   = {Transactions of the Association for Computational Linguistics},
  year      = {2023},
  volume    = {11},
  url       = {https://transacl.org/index.php/tacl/article/view/5039}
}

@article{ref16,
  author    = {H. Chen and Z. Chen and Y. Zhao and M. Wang and L. Li and M. Zhang and M. Zhang},
  title     = {Retrieval-style In-Context Learning for Few-shot Hierarchical Text Classification},
  journal   = {Transactions of the Association for Computational Linguistics},
  year      = {2024},
  volume    = {12},
  url       = {https://transacl.org/index.php/tacl/article/view/6137}
}

@article{ref17,
  author    = {Yu Wu and Wei Wu and Chen Xing and Can Xu and Zhoujun Li and Ming Zhou},
  title     = {A Sequential Matching Framework for Multi-Turn Response Selection in Retrieval-Based Chatbots},
  journal   = {Computational Linguistics},
  year      = 2019,
  volume    = {45},
  number    = {1},
  pages     = {163--197},
  doi       = {10.1162/coli_a_00345},
  url       = {https://aclanthology.org/J19-1005/}
}

@article{ref18,
  author    = {Xiyan Fu and Anette Frank},
  title     = {Exploring Continual Learning of Compositional Generalization in NLI},
  journal   = {Transactions of the Association for Computational Linguistics},
  year      = 2024, 
  volume    = {12}, 
  pages     = {912--932}, 
  doi       = {10.1162/tacl_a_00680}, 
  url       = {https://aclanthology.org/2024.tacl-1.51/} 
}

@article{ref19,
  author    = {L. Zhen and P. Hu and X. Peng and R. S. M. Goh and J. T. Zhou},
  title     = {Deep Multimodal Transfer Learning for Cross-Modal Retrieval},
  journal   = {IEEE Transactions on Neural Networks and Learning Systems},
  year      = 2022,
  volume    = 33,
  number    = 2,
  pages     = {798--810},
  doi       = {10.1109/TNNLS.2020.3032604},
  url       = {https://ieeexplore.ieee.org/document/9236655}
}

@article{ref20,
  author    = {C. Bai and X. Fan and J. Liu and W. Tang and H. Huang and J. Yin},
  title     = {Graph Convolutional Network Discrete Hashing for Cross-Modal Retrieval},
  journal   = {IEEE Transactions on Neural Networks and Learning Systems},
  year      = 2024,
  volume    = 35,
  number    = 4,
  pages     = {1714--1727},
  url       = {https://ieeexplore.ieee.org/document/9779852}
}

@article{ref21,
  author    = {P. Staszewski and M. Jaworski and J. Cao and L. Rutkowski},
  title     = {A New Approach to Descriptors Generation for Image Retrieval by Analyzing Activations of Deep Neural Network Layers},
  journal   = {IEEE Transactions on Neural Networks and Learning Systems},
  year      = 2022, 
  volume    = 33, 
  number    = 7, 
  pages     = {3075--3083}, 
  url       = {https://ieeexplore.ieee.org/document/9451541} 
}

@article{ref22,
  author    = {G. Izacard and S. Touvron and F. Barbieri and A. Hosseini and N. Goyal and F. M. Sellam and K. Singh and E. Grave and T. Kocisky and E. J. M. Tromp and C. Lacroix and F. Raiss and F. Belinkov and N. Parikh and E. M. Khalifa and M. B. A. Haddad and A. Paria and N. H. E. Cesa-Bianchi and S. Edunov},
  title     = {Atlas: Few-shot Learning with Retrieval Augmented Language Models},
  journal   = {Journal of Machine Learning Research},
  year      = {2023},
  volume    = {24},
  number    = {68},
  pages     = {1--65},
  url       = {http://www.jmlr.org/papers/volume24/23-0037/23-0037.pdf}
}

@article{ref23,
  author    = {H. Jaeger},
  title     = {Using Conceptors to Manage Neural Long-Term Memories for Temporal Patterns},
  journal   = {Journal of Machine Learning Research},
  year      = 2017,
  volume    = {18},
  number    = {13},
  pages     = {1--43},
  url       = {https://www.jmlr.org/papers/volume18/15-449/15-449.pdf}
}

@article{ref24,
  author    = {Benigno Uria and Iain Murray and Stephan Ren and Risto Piché and Aaron Courville and Hugo Larochelle},
  title     = {Neural Autoregressive Distribution Estimation},
  journal   = {Journal of Machine Learning Research},
  year      = 2016,
  volume    = {17},
  number    = {205},
  pages     = {1-37},
  url       = {https://www.jmlr.org/papers/volume17/16-272/16-272.pdf}
}

@article{ref25,
  author    = {Tanmoy Chakraborty and Valerio La Gatta and Vincenzo Moscato and Giancarlo Sperl\`i},
  title     = {Information retrieval algorithms and neural ranking models to detect previously fact-checked information},
  journal   = {Neurocomputing},
  year      = {2023},
  volume    = {557},
  number    = {},
  pages     = {126680},
  doi       = {10.1016/j.neucom.2023.126680},
  url       = {https://doi.org/10.1016/j.neucom.2023.126680}
}

@article{ref26,
  author    = {Yu-An Liu and Ruqing Zhang and Jiafeng Guo and Maarten de Rijke and Yixing Fan and Xueqi Cheng},
  title     = {Robust Neural Information Retrieval: An Adversarial and Out-of-distribution Perspective},
  journal   = {arXiv preprint arXiv:2407.06992},
  year      = {2024},
  url       = {https://arxiv.org/abs/2407.06992}
}

@misc{ref27,
  author    = {Andrew Parry and Catherine Chen and Carsten Eickhoff and Sean MacAvaney},
  title     = {MechIR: A Mechanistic Interpretability Framework for Information Retrieval},
  howpublished = {arXiv preprint arXiv:2501.10165},
  year      = {2025},
  note      = {Demo paper, Proceedings of the European Conference on Information Retrieval (ECIR) 2025},
  url       = {https://arxiv.org/abs/2501.10165}
}

@article{ref28,
  author    = {Julian Killingback and Hansi Zeng and Hamed Zamani},
  title     = {Hypencoder: Hypernetworks for Information Retrieval},
  journal   = {arXiv preprint arXiv:2502.05364},
  year      = {2025},
  url       = {https://arxiv.org/abs/2502.05364}
}

@article{ref29,
  author    = {X. Bai and S. He and Y. Li and Y. Xie and X. Zhang and W. Du and J.-R. Li},
  title     = {Construction of a knowledge graph for framework material enabled by large language models and its application},
  journal   = {npj Computational Materials},
  year      = 2025,
  volume    = {11},
  number    = {},
  pages     = {},
  doi       = {10.1038/s41524-025-01540-6},
  url       = {https://www.nature.com/articles/s41524-025-01540-6}
}

@article{ref30,
  author    = {Michael H. Prince and Henry Chan and Aikaterini Vriza and Tao Zhou and Varuni K. Sastry and Yanqi Luo and Matthew T. Dearing and Ross J. Harder and Rama K. Vasudevan and Mathew J. Cherukara},
  title     = {Opportunities for retrieval and tool augmented large language models in scientific facilities},
  journal   = {npj Computational Materials},
  year      = {2024},
  volume    = {10},
  number    = {},
  pages     = {},
  doi       = {10.1038/s41524-024-01423-2},
  url       = {https://www.nature.com/articles/s41524-024-01423-2}
}

@article{ref31,
  author    = {T. Gupta and M. Zaki and N. M. Anoop Krishnan and Mausam},
  title     = {MatSciBERT: A materials domain language model for text mining and information extraction},
  journal   = {npj Computational Materials},
  year      = 2022,
  volume    = {8},
  number    = {},
  pages     = {Article no. 102},
  url       = {https://www.nature.com/articles/s41524-022-00784-w}
}

@article{ref32,
  author    = {Lanling Xu and Junjie Zhang and Bingqian Li and Jinpeng Wang and Sheng Chen and Wayne Xin Zhao and Ji-Rong Wen},
  title     = {Tapping the Potential of Large Language Models as Recommender Systems: A Comprehensive Framework and Empirical Analysis},
  journal   = {ACM Transactions on Information Systems},
  year      = 2025,
  url       = {https://arxiv.org/abs/2401.04997}
}

@article{ref33,
  author    = {Jianghao Lin and Xinyi Dai and Yunjia Xi and Weiwen Liu and Bo Chen and Xiangyang Li and Chenxu Zhu and Huifeng Guo and Yong Yu and Ruiming Tang and Weinan Zhang},
  title     = {How Can Recommender Systems Benefit from Large Language Models: A Survey},
  journal   = {ACM Transactions on Information Systems},
  year      = 2024,
  url       = {https://arxiv.org/abs/2306.05817}
}

@article{ref34,
  author    = {Lei Li and Yongfeng Zhang and Li Chen},
  title     = {Personalized Prompt Learning for Explainable Recommendation},
  journal   = {ACM Transactions on Information Systems},
  year      = {2023},
  volume    = {41},
  number    = {4},
  pages     = {1--26},
  doi       = {10.1145/3524097},
  url       = {https://dl.acm.org/doi/10.1145/3524097}
}

@article{ref35,
  author    = {J. Baek and A. Fikri Aji and A. Saffari},
  title     = {Knowledge-Augmented Language Model Prompting for Zero-Shot Knowledge Graph Question Answering},
  journal   = {arXiv preprint arXiv:2306.04136},
  year      = {2023},
  url       = {https://arxiv.org/abs/2306.04136}
}

@inproceedings{ref36,
  author    = {J. Baek and N. Chandrasekaran and S. Cucerzan and A. Herring and S. K. Jauhar},
  title     = {Knowledge-Augmented Large Language Models for Personalized Contextual Query Suggestion},
  booktitle = {Proceedings of The Web Conference (WWW) 2024},
  year      = {2024},
  note      = {arXiv preprint arXiv:2311.06318, to appear},
  url       = {https://arxiv.org/abs/2311.06318}
}

@article{ref37,
  author    = {M. Kang and J. M. Kwak and J. Baek and S. J. Hwang},
  title     = {Knowledge Graph-Augmented Language Models for Knowledge-Grounded Dialogue Generation},
  journal   = {arXiv preprint arXiv:2305.18846},
  year      = 2023,
  url       = {https://arxiv.org/abs/2305.18846}
}

@article{ref38,
  author    = {Zhipeng Gui and Xinjie Liu and Anqi Zhao and Yuhan Jiang and Zhipeng Ling and Xiaohui Hu and Fa Li and Zelong Yang and Huayi Wu and Shuangming Zhao},
  title     = {Map retrieval intention recognition based on relevance feedback and geographic semantic guidance: For better understanding user retrieval demands},
  journal   = {Information Processing \& Management},
  year      = {2024},
  volume    = {61},
  number    = {6},
  pages     = {103767},
  doi       = {10.1016/J.IPM.2024.103767},
  url       = {https://dblp.org/rec/journals/ipm/GuiLZJLHLYWZ24}
}

@article{ref39,
  author    = {O. Bergman and E. Shnaper-Reinberg},
  title     = {The effect of cooking recipe storage on their retrieval},
  journal   = {Journal of Documentation},
  year      = {2025}, 
  volume    = {ahead-of-print}, 
  number    = {ahead-of-print}, 
  doi       = {10.1108/JD-01-2025-0031}, 
  url       = {https://doi.org/10.1108/JD-01-2025-0031}
}

@article{ref40,
  author    = {O. Bergman and S. Whittaker and Y. Frishman},
  title     = {Let’s get personal: the little nudge that improves document retrieval in the Cloud},
  journal   = {Journal of Documentation},
  year      = 2019, 
  volume    = {75}, 
  number    = {2}, 
  pages     = {379--396}, 
  doi       = {10.1108/JD-06-2018-0098}, 
  url       = {https://doi.org/10.1108/JD-06-2018-0098}
}

@article{ref41,
  author    = {O. Bergman and T. Israeli and S. Whittaker},
  title     = {Factors hindering shared files retrieval},
  journal   = {Aslib Journal of Information Management},
  year      = 2020, 
  volume    = 72, 
  number    = 1, 
  pages     = {130--147}, 
  doi       = {10.1108/AJIM-05-2019-0120}, 
  url       = {https://doi.org/10.1108/AJIM-05-2019-0120}
}

@article{ref42,
  author    = {R. Upadhyay and M. Viviani},
  title     = {Enhancing Health Information Retrieval with RAG by prioritizing topical relevance and factual accuracy},
  journal   = {Information Retrieval Journal (now Discover Computing)},
  year      = {2025},
  volume    = {28},
  pages     = {1-44},
  articleno = {27},
  url       = {https://link.springer.com/article/10.1007/s10791-025-09505-5}
}

@article{ref43,
  author    = {M. Trabelsi and Z. Chen and B. D. Davison and J. Heflin},
  title     = {Neural ranking models for document retrieval},
  journal   = {Information Retrieval Journal},
  year      = 2021,
  volume    = {24},
  pages     = {400--444},
  url       = {https://link.springer.com/article/10.1007/s10791-021-09398-0}
}

@article{ref44,
  author    = {F. Dammak and H. Kammoun},
  title     = {Combining semi-supervised and active learning to rank algorithms: application to Document Retrieval},
  journal   = {Information Retrieval Journal},
  year      = 2021,
  volume    = {24},
  pages     = {371--399},
  url       = {https://link.springer.com/article/10.1007/s10791-021-09403-7}
}

@article{ref45,
  author    = {T. Yang and M. Song and Z. Zhang and H. Huang and W. Deng and F. Sun and Q. Zhang},
  title     = {Auto Search Indexer for End-to-End Document Retrieval},
  journal   = {arXiv preprint arXiv:2310.12455},
  year      = {2023},
  month     = {Oct.},
  url       = {https://arxiv.org/abs/2310.12455}
}

@article{ref46,
  author    = {K. Huseynova and J. Isbarov},
  title     = {Enhanced document retrieval with topic embeddings},
  journal   = {arXiv preprint arXiv:2408.10435},
  year      = {2024},
  month     = {Aug},
  url       = {https://arxiv.org/abs/2408.10435}
}

@article{ref47,
  author    = {M. Solanki},
  title     = {Efficient Document Retrieval with G-Retriever},
  journal   = {arXiv preprint arXiv:2504.14955},
  year      = 2025,
  month     = apr,
  url       = {https://arxiv.org/abs/2504.14955}
}

@article{ref48,
  author    = {Gilbert, Stephen and Kather, Jakob Nikolas and Hogan, Aidan},
  title     = {Augmented non-hallucinating large language models as medical information curators},
  journal   = {npj Digital Medicine},
  year      = 2024,
  volume    = {7},
  number    = {},
  pages     = {Article number: 100},
  doi       = {10.1038/s41746-024-01081-0},
  url       = {https://www.nature.com/articles/s41746-024-01081-0}
}

@article{ref49,
  author    = {Gongbo Zhang and Zihan Xu and Qiao Jin and Fangyi Chen and Yilu Fang and Yi Liu and Justin F. Rousseau and Ziyang Xu and Zhiyong Lu and Chunhua Weng and Yifan Peng},
  title     = {Leveraging long context in retrieval augmented language models for medical question answering},
  journal   = {npj Digital Medicine},
  year      = 2025,
  volume    = {8},
  number    = {},
  pages     = {},
  doi       = {10.1038/s41746-025-01651-w},
  url       = {https://www.nature.com/articles/s41746-025-01651-w}
}

@article{ref50,
  author    = {V. L. Payne and U. Sattar and M. Wright and E. Hill and J. M. Butler and B. Macpherson and A. Jeppesen and G. Del Fiol and K. Madaras-Kelly},
  title     = {Clinician perspectives on how situational context and augmented intelligence design features impact perceived usefulness of sepsis prediction scores embedded within a simulated electronic health record},
  journal   = {Journal of the American Medical Informatics Association},
  year      = 2024, 
  volume    = 31, 
  number    = 6, 
  pages     = {1331--1340}, 
  doi       = {10.1093/jamia/ocae089}, 
  url       = {https://pubmed.ncbi.nlm.nih.gov/38661564/}
}

@article{ref51,
  author    = {Guo, Y. and Zhang, Q. and Xie, Z. and Jiang, S.},
  title     = {Evaluating large language models for health-related text classification and question answering: A comparative study of domain-specific and general-purpose models},
  journal   = {Journal of the American Medical Informatics Association},
  year      = 2024,
  volume    = 31,
  number    = 10,
  pages     = {2181--2192},
  doi       = {10.1093/jamia/ocad243},
  url       = {https://academic.oup.com/jamia/article/31/10/2181/7731085}
}

@article{ref52,
  author    = {S. Liu and H. Chen and T. Wang and C. Zhang and Y. Wang and H. Wei and D. Wang and X. Yu and Y. Zhang and M. Huang},
  title     = {A systematic review, meta-analysis, and clinical development of retrieval-augmented generation for large language model–enabled question answering in clinical practice},
  journal   = {Journal of the American Medical Informatics Association},
  year      = 2025,
  volume    = 32,
  number    = 4,
  pages     = {605--619},
  doi       = {10.1093/jamia/ocad348},
  url       = {https://academic.oup.com/jamia/article/32/4/605/7954485}
}

@article{ref53,
  author    = {T. K. W. Hung and G. J. Kuperman and E. J. Sherman and A. L. Ho and C. Weng and D. G. Pfister and J. J. Mao},
  title     = {Performance of Retrieval-Augmented Large Language Models to Recommend Head and Neck Cancer Clinical Trials},
  journal   = {Journal of Medical Internet Research},
  year      = {2024},
  volume    = {26},
  number    = {1},
  pages     = {e60695},
  url       = {https://www.jmir.org/2024/1/e60695}
}

@article{ref54,
  author    = {Hai Li and Jingyi Huang and Mengmeng Ji and Yuyi Yang and Ruopeng An},
  title     = {Use of Retrieval-Augmented Large Language Model for COVID-19 Fact-Checking: Development and Usability Study},
  journal   = {Journal of Medical Internet Research},
  year      = 2025,
  volume    = {27},
  number    = {},
  pages     = {},
  doi       = {10.2196/66098},
  url       = {https://www.jmir.org/2025/1/e66098}
}

@article{ref55,
  author    = {D. Wang and J. Liang and J. Ye and J. Li and J. Li and Q. Zhang and Q. Hu and C. Pan and D. Wang and Z. Liu and W. Shi and D. Shi and F. Li and B. Qu and Y. Zheng},
  title     = {Enhancement of the Performance of Large Language Models in Diabetes Education through Retrieval-Augmented Generation: Comparative Study},
  journal   = {Journal of Medical Internet Research},
  year      = 2024,
  volume    = {26},
  number    = {1},
  pages     = {e58041},
  url       = {https://www.jmir.org/2024/1/e58041/}
}

@article{ref56,
  author    = {T. C. Guetterman and T. Chang and M. DeJonckheere and T. Basu and E. Scruggs and V. G. Vinod Vydiswaran},
  title     = {Augmenting Qualitative Text Analysis with Natural Language Processing: Methodological Study},
  journal   = {Journal of Medical Internet Research},
  year      = {2018},
  volume    = {20},
  number    = {6},
  pages     = {e231},
  doi       = {10.2196/jmir.9702},
  url       = {https://www.jmir.org/2018/6/e231/}
}

@article{ref57,
  author    = {C. Ehrett and S. Hegde and K. Andre and D. Liu and T. Wilson},
  title     = {Leveraging Open-Source Large Language Models for Data Augmentation in Hospital Staff Surveys: Mixed Methods Study},
  journal   = {JMIR Medical Education},
  year      = 2024, 
  volume    = {10}, 
  number    = {1}, 
  pages     = {e51433}, 
  doi       = {10.2196/51433}, 
  url       = {https://mededu.jmir.org/2024/1/e51433}
}

@article{ref58,
  author    = {Chenyang Wang and Weizhi Ma and Chong Chen and Min Zhang and Yiqun Liu and Shaoping Ma},
  title     = {Sequential Recommendation with Multiple Contrast Signals},
  journal   = {ACM Transactions on Information Systems},
  year      = 2023,
  volume    = {41},
  number    = {1},
  pages     = {1--27},
  doi       = {10.1145/3522673},
  url       = {https://doi.org/10.1145/3522673}
}

@article{ref59,
  author    = {Dong Wang and Weizhi Ma and Chong Chen and Min Zhang and Yiqun Liu and Shaoping Ma},
  title     = {Large-Scale Pre-Training for Sequential Recommendation with Contrastive Learning},
  journal   = {ACM Transactions on Information Systems},
  year      = 2023, 
  volume    = {41}, 
  number    = {2}, 
  pages     = {1--23}, 
  doi       = {10.1145/3570620}, 
  url       = {https://doi.org/10.1145/3570620}
}

@article{ref60,
  author    = {H. Kim and D. Kim and P. Ahn and S. Suh and H. Cho and J. Kim},
  title     = {ContextMix: A context-aware data augmentation method for industrial visual inspection systems},
  journal   = {arXiv preprint arXiv:2401.10050},
  year      = {2024},
  url       = {https://arxiv.org/abs/2401.10050},
  note      = {Accepted to EAAI}
}

@article{ref61,
  author    = {Y.-T. Lin and A. Papangelis and S. Kim and S. Lee and D. Hazarika and M. Namazifar and D. Jin and Y. Liu and D. Hakkani-Tur},
  title     = {Selective In-Context Data Augmentation for Intent Detection using Pointwise V-Information},
  journal   = {arXiv preprint arXiv:2302.05096},
  year      = 2023,
  url       = {https://arxiv.org/abs/2302.05096},
  note      = {Accepted at EACL 2023}
}

@article{ref62,
  author    = {A. Dundar and I. Garcia-Dorado},
  title     = {Context Augmentation for Convolutional Neural Networks},
  journal   = {arXiv preprint arXiv:1712.01653},
  year      = 2017,
  url       = {https://arxiv.org/abs/1712.01653}
}

@article{ref63,
  author    = {M. Hindi and A. Smith and T. Chen and P. Brown},
  title     = {Enhancing the Precision and Interpretability of Retrieval-Augmented Generation (RAG) in Legal Technology: A Survey},
  journal   = {IEEE Transactions on Neural Networks and Learning Systems},
  year      = {2025}, 
  volume    = {36}, 
  number    = {2}, 
  pages     = {215--231}, 
  url       = {https://ieeexplore.ieee.org/iel8/6287639/10820123/10921633.pdf} 
}

@article{ref64,
  author    = {X. Liu and Y. Wang and H. Wu and L. Chen},
  title     = {RAG4DS: Retrieval-Augmented Generation for Data Spaces—A Unified Lifecycle, Challenges, and Opportunities},
  journal   = {IEEE Transactions on Neural Networks and Learning Systems},
  year      = 2025,
  volume    = {36},
  number    = {1},
  pages     = {77--92},
  url       = {https://ieeexplore.ieee.org/iel8/6287639/10820123/10902131.pdf}
}

@article{ref65,
  author    = {Yichen Zhang and Jilin Chen and Yongfeng Zhang and Minlie Huang},
  title     = {Data Augmentation for Context-Aware Neural Personalized Ranking},
  journal   = {ACM Transactions on Information Systems},
  year      = 2021,
  volume    = {39},
  number    = {3},
  pages     = {1--32},
  doi       = {10.1145/3442377},
  url       = {https://doi.org/10.1145/3442377}
}