@article{ref1,
  author    = {A. Kusiak},
  title     = {Generative artificial intelligence in smart manufacturing},
  journal   = {Journal of Intelligent Manufacturing},
  year      = {2025},
  volume    = {36},
  pages     = {1--3},
  doi       = {10.1007/s10845-024-02480-6},
  url       = {https://doi.org/10.1007/s10845-024-02480-6}
}

@article{ref2,
  author    = {O. Mata and P. Ponce and C. Perez and M. Ramirez and B. Anthony and B. Russel and P. Apte and B. MacCleery and A. Molina},
  title     = {Digital twin designs with generative AI: crafting a comprehensive framework for manufacturing systems},
  journal   = {Journal of Intelligent Manufacturing},
  year      = {2025},
  volume    = {36},
  doi       = {10.1007/s10845-025-02583-8},
  url       = {https://doi.org/10.1007/s10845-025-02583-8}
}

@article{ref3,
  author    = {H. A. Zhou and D. Wolfschl√§ger and R. H. Schmitt},
  title     = {Generative AI in industrial machine vision: a review},
  journal   = {Journal of Intelligent Manufacturing},
  year      = {2025},
  volume    = {36},
  number    = {4},
  doi       = {10.1007/s10845-025-02604-6},
  url       = {https://doi.org/10.1007/s10845-025-02604-6}
}

@article{ref4,
  author    = {L. Bai and B. Wu and G. Wu and H. Li},
  title     = {Real-time tool breakage monitoring based on dimensionless indicators under time-varying cutting conditions},
  journal   = {International Journal of Machine Tools \& Manufacture},
  year      = {2023},
  volume    = {183},
  pages     = {104336},
  url       = {https://www.sciencedirect.com/science/article/abs/pii/S0736584522001843}
}

@article{ref5,
  author    = {K. Ullrich and M. von Elling and K. Gutzeit and M. Dix and M. Weigold and J.C. Aurich and F. Kirchner},
  title     = {AI-based optimisation of total machining performance: A review},
  journal   = {International Journal of Machine Tools \& Manufacture},
  year      = {2024},
  volume    = {190},
  pages     = {104529},
  url       = {https://www.sciencedirect.com/science/article/pii/S1755581724000105}
}

@article{ref6,
  author    = {M. Ghobakhloo},
  title     = {Opportunities for actualizing Industry 5.0 sustainability goals: How generative artificial intelligence enhances responsible manufacturing},
  journal   = {Journal of Manufacturing Technology Management},
  year      = {2024},
  volume    = {ahead-of-print},
  doi       = {10.1108/JMTM-12-2023-0530},
  url       = {https://dx.doi.org/10.1108/JMTM-12-2023-0530}
}

@article{ref7,
  author    = {R. Pugliese},
  title     = {Generative Artificial Intelligence for Advancing Discovery, Design, and Optimization of Biomaterials},
  journal   = {iComputing},
  year      = {2025},
  volume    = {ahead-of-print},
  url       = {https://spj.science.org/doi/10.34133/icomputing.0117}
}

@article{ref8,
  author    = {J. F. Arinez},
  title     = {Artificial Intelligence in Advanced Manufacturing: Current Status and Future Directions},
  journal   = {Journal of Manufacturing Science and Engineering},
  year      = {2020},
  volume    = {142},
  number    = {11},
  pages     = {110804},
  url       = {https://asmedigitalcollection.asme.org/manufacturingscience/article/142/11/110804/1085487/Artificial-Intelligence-in-Advanced-Manufacturing}
}

@article{ref9,
  author    = {M. Klar and P. Ruediger and M. Schuermann},
  title     = {Explainable generative design in manufacturing for reinforcement learning based factory layout planning},
  journal   = {Journal of Manufacturing Systems},
  year      = {2023},
  volume    = {72},
  pages     = {95--114},
  url       = {https://www.sciencedirect.com/journal/journal-of-manufacturing-systems/vol/72/suppl/C}
}

@article{ref10,
  author    = {M. Sandborn and others},
  title     = {CaSTL: Towards cyber-physical authentication of additively manufactured components using generative steganography},
  journal   = {Journal of Manufacturing Systems},
  year      = {2022},
  volume    = {61},
  pages     = {352--367},
  url       = {https://www.sciencedirect.com/science/article/pii/S1877050921025588}
}

@misc{ref11,
  author       = {P. Author and others},
  title        = {Generative AI: Definition, Concepts, Applications, and Future Prospects},
  howpublished = {Online},
  year         = {2023},
  url          = {https://www.techrxiv.org/doi/pdf/10.36227/techrxiv.171746875.59016695/v1},
  note         = {Accessed: 2024-06-10}
}

@misc{ref12,
  author       = {S. S. Pallapuneedi},
  title        = {Recent Advancements in Artificial Intelligence driven Cloud Computing},
  howpublished = {Online},
  year         = {2024},
  url          = {https://www.techrxiv.org/users/794442/articles/1110816/master/file/data/Recent%20Advances%20in%20AI%20driven%20Cloud%20Computing/Recent%20Advances%20in%20AI%20driven%20Cloud%20Computing.pdf},
  note         = {Accessed: 2024-06-16}
}

@misc{ref13,
  author       = {A. Author and others},
  title        = {A Data-Centric Framework for implementing AI in Smart Manufacturing Environments},
  howpublished = {Online},
  year         = {2023},
  url          = {https://www.techrxiv.org/doi/pdf/10.36227/techrxiv.174909612.23312243/v1},
  note         = {Accessed: 2024-06-10}
}

@article{ref14,
  author    = {D. Horvat and I. Horvat and D. Andrejc and B. Ban},
  title     = {Fostering innovation by complementing human centric competence management in Industry 5.0},
  journal   = {International Journal of Advanced Manufacturing Technology},
  year      = {2024},
  volume    = {128},
  number    = {3-4},
  pages     = {1223--1243},
  doi       = {10.1080/00207543.2024.2372009},
  url       = {https://www.tandfonline.com/doi/full/10.1080/00207543.2024.2372009}
}

@article{ref15,
  author    = {B. Naghshineh and P. Gopalakrishnan and R. Gargeya},
  title     = {Additive manufacturing technology adoption for supply chain resilience: a study on distributed production of spare parts},
  journal   = {International Journal of Advanced Manufacturing Technology},
  year      = {2024},
  volume    = {128},
  number    = {2},
  pages     = {1011--1030},
  url       = {https://www.tandfonline.com/doi/abs/10.1080/00207543.2024.2356629}
}

@article{ref16,
  author    = {A. Lindwall},
  title     = {Innovation in a box: exploring creativity in design for additive manufacturing},
  journal   = {International Journal of Advanced Manufacturing Technology},
  year      = {2022},
  volume    = {119},
  number    = {1-2},
  pages     = {501--518},
  doi       = {10.1080/09544828.2022.2139967},
  url       = {https://www.tandfonline.com/doi/full/10.1080/09544828.2022.2139967}
}

@article{ref17,
  author    = {A. J. Shih},
  title     = {Multicultural Diversity Workforce and Global Technology in Manufacturing: Implications for Innovation and Competitiveness},
  journal   = {Journal of Manufacturing Science and Engineering},
  year      = {2023},
  volume    = {145},
  number    = {9},
  pages     = {090801},
  url       = {https://asmedigitalcollection.asme.org/manufacturingscience/article/145/9/090801/1163787/Multicultural-Diversity-Workforce-and-Global}
}

@article{ref18,
  author    = {G. Wang and X. Tian and Y. Hu},
  title     = {Manufacturing Process Innovation-Oriented Knowledge Evaluation Using MCDM and Fuzzy Linguistic Computing in an Open Innovation Environment},
  journal   = {Sustainability},
  year      = {2017},
  volume    = {9},
  number    = {9},
  pages     = {1630},
  url       = {https://www.mdpi.com/2071-1050/9/9/1630}
}

@article{ref19,
  author    = {D. Plinta and K. Radwan},
  title     = {Implementation of Technological Innovation in a Manufacturing Enterprise},
  journal   = {Applied Sciences},
  year      = {2023},
  volume    = {13},
  number    = {10},
  pages     = {6068},
  url       = {https://www.mdpi.com/2076-3417/13/10/6068}
}

@article{ref20,
  author    = {L. Liu},
  title     = {Advanced Manufacturing, Product Innovations and Firm Growth},
  journal   = {SSRN Electronic Journal},
  year      = {2020},
  url       = {https://papers.ssrn.com/sol3/papers.cfm?abstract_id=4104903}
}

@article{ref21,
  author    = {A. M. Khan},
  title     = {Trends in Innovation Activities in Manufacturing Industries Across Development Echelons},
  journal   = {International Journal of Business and Management},
  year      = 2017,
  volume    = {12},
  number    = {3},
  pages     = {45--60},
  url       = {https://papers.ssrn.com/sol3/papers.cfm?abstract_id=3006430}
}

@article{ref22,
  author    = {F. Tao and Q. Qi and L. Wang and A. Nee},
  title     = {Digital Twins and Cyber-Physical Systems toward Smart Manufacturing and Industry 4.0: Correlation and Comparison},
  journal   = {Engineering Applications of Artificial Intelligence},
  year      = {2022},
  volume    = {108},
  pages     = {103566},
  doi       = {10.1016/j.engappai.2022.103566},
  url       = {https://doi.org/10.1016/j.engappai.2022.103566}
}

@article{ref23,
  author    = {S. J. Pan and H. Zhuang and Q. Li},
  title     = {A Multi-Agent Deep Reinforcement Learning-Based Factory Scheduling System for Smart Manufacturing},
  journal   = {Engineering Applications of Artificial Intelligence},
  year      = {2022},
  volume    = {112},
  pages     = {104657},
  doi       = {10.1016/j.engappai.2022.104657},
  url       = {https://doi.org/10.1016/j.engappai.2022.104657}
}

@article{ref24,
  author    = {Z. Zhang and L. Xu and Y. Chen},
  title     = {Predictive Maintenance of Industrial Equipment Using Machine Learning: An Industrial AI Application},
  journal   = {Engineering Applications of Artificial Intelligence},
  year      = {2023},
  volume    = {134},
  pages     = {104476},
  doi       = {10.1016/j.engappai.2023.104476},
  url       = {https://doi.org/10.1016/j.engappai.2023.104476}
}

@article{ref25,
  author    = {B. Zhang and M. Anderljung and L. Kahn and N. Dreksler and M. C. Horowitz and A. Dafoe},
  title     = {Ethics and Governance of Artificial Intelligence: Evidence from a Survey of Machine Learning Researchers},
  journal   = {Journal of Artificial Intelligence Research},
  year      = 2021,
  volume    = {71},
  pages     = {3167--3203},
  url       = {https://jair.org/index.php/jair/article/view/12895}
}

@article{ref2,
  author    = {L. Cheng and K. R. Varshney and H. Liu},
  title     = {Socially Responsible AI Algorithms: Issues, Purposes, and Challenges},
  journal   = {Journal of Artificial Intelligence Research},
  year      = {2021},
  volume    = {71},
  pages     = {2899--2967},
  url       = {https://jair.org/index.php/jair/article/view/12814}
}

@article{ref27,
  author    = {G. Franceschelli and M. Musolesi},
  title     = {Reinforcement Learning for Generative AI: State of the Art, Opportunities and Open Research Challenges},
  journal   = {Journal of Artificial Intelligence Research},
  year      = {2024},
  volume    = {79},
  pages     = {721--778},
  url       = {https://jair.org/index.php/jair/article/view/15278}
}

@article{ref28,
  author    = {O. T. Murire and C. Singh},
  title     = {Artificial Intelligence and Its Role in Shaping Organizational Work Practices: Implications for Cultural Transformation},
  journal   = {Business},
  year      = {2024},
  volume    = {14},
  number    = {12},
  pages     = {316},
  url       = {https://www.mdpi.com/2076-3387/14/12/316}
}

@article{ref29,
  author    = {A. Daios and M. K. Louca and M. C. Georgiadis},
  title     = {AI Applications in Supply Chain Management: A Survey},
  journal   = {Applied Sciences},
  year      = 2025,
  volume    = {15},
  number    = {5},
  pages     = {2775},
  url       = {https://www.mdpi.com/2076-3417/15/5/2775} 
}

@article{ref30,
  author    = {I. Ahmed and others},
  title     = {From Artificial Intelligence to Explainable Artificial Intelligence in Industry 4.0},
  journal   = {IEEE Transactions on Industrial Informatics},
  year      = 2022,
  volume    = 18,
  number    = 8,
  pages     = {5031--5042},
  url       = {https://ieeexplore.ieee.org/document/9695219/}
}

@article{ref31,
  author    = {A. H. Sodhro and H. Li and D. Min and S. Pirbhulal and R. Li},
  title     = {Artificial Intelligence-Driven Mechanism for Edge Computing Resource Allocation in Industrial IoT},
  journal   = {IEEE Transactions on Industrial Informatics},
  year      = {2019},
  volume    = {15},
  number    = {7},
  pages     = {4235--4243},
  url       = {https://ieeexplore.ieee.org/document/8658105/}
}

@article{ref32,
  author    = {S. Malik and N. Noor and W. M. Alghamdi},
  title     = {Artificial intelligence and industrial applications‚ÄîA review},
  journal   = {Engineering Applications of Artificial Intelligence},
  year      = 2024,
  volume    = 114,
  pages     = {105431},
  doi       = {10.1016/j.engappai.2023.105431},
  url       = {https://doi.org/10.1016/j.engappai.2023.105431}
}

@article{ref33,
  author    = {A. Cerqueus and M. H. Lee and K. C. Shih},
  title     = {Applications of artificial intelligence in industry 4.0 and smart manufacturing},
  journal   = {Engineering Applications of Artificial Intelligence},
  year      = {2025},
  volume    = {146},
  pages     = {105651},
  doi       = {10.1016/j.engappai.2024.105651},
  url       = {https://doi.org/10.1016/j.engappai.2024.105651}
}

@article{ref34,
  author    = {E. Koh and others},
  title     = {A Review on the Applications of Artificial Intelligence (AI) in the Display Industry},
  journal   = {IEEE Access},
  year      = {2024},
  volume    = {12},
  pages     = {1521--1534},
  url       = {https://ieeexplore.ieee.org/document/10679079}
}

@incollection{ref2,
  author    = {S. P. Sreekala and et al.},
  title     = {A Survey of AI in Industry: From Basic Concepts to Industrial and Business Applications},
  booktitle = {Toward Artificial General Intelligence: Deep Learning, Neural Networks, Generative AI},
  publisher = {De Gruyter},
  year      = {2024},
  url       = {https://ieeexplore.ieee.org/document/10790358/}
}

@article{ref36,
  author    = {R. Rakholia and others},
  title     = {Advancing Manufacturing Through Artificial Intelligence: A Review},
  journal   = {IEEE Transactions on Industrial Informatics},
  year      = {2024},
  volume    = {20},
  number    = {1},
  pages     = {120--130},
  url       = {https://ieeexplore.ieee.org/document/10677409/}
}

@article{ref37,
  author    = {L. A. C. Salazar and B. Vogel-Heuser},
  title     = {Industrial Artificial Intelligence: A Predictive Agent Concept for Industry 4.0},
  journal   = {IEEE Transactions on Industrial Informatics},
  year      = {2022},
  volume    = {18},
  number    = {1},
  pages     = {567-576},
  doi       = {10.1109/TII.2021.3092427},
  url       = {https://ieeexplore.ieee.org/document/9976159}
}

@article{ref38,
  author    = {M. S. Ahmmed and A. T. S. Hoque and M. R. Islam},
  title     = {A Systematic Review of Industry 4.0 and AI: Recent Approaches and Challenges},
  journal   = {Manufacturing MDPI},
  year      = 2024,
  volume    = 12,
  number    = 10,
  pages     = {681},
  url       = {https://www.mdpi.com/2075-1702/12/10/681}
}

@article{ref39,
  author    = {P. Wei and M. Wei and Y. Huang and X. Zhang and Q. Zhang},
  title     = {Research on tool wear state identification method driven by data fusion from several sources},
  journal   = {International Journal of Machine Tools \& Manufacture},
  year      = {2024},
  volume    = {189},
  pages     = {104495},
  url       = {https://www.sciencedirect.com/science/article/abs/pii/S0736584524000279}
}

@article{ref2,
  author    = {D. Peddireddy and others},
  title     = {Identifying manufacturability and machining processes using 3D convolutional neural networks and transfer learning},
  journal   = {Journal of Manufacturing Systems},
  year      = {2021},
  volume    = {59},
  pages     = {110-123},
  url       = {https://www.sciencedirect.com/science/article/abs/pii/S1526612521001201}
}

@article{ref2,
  author    = {D. A. Dornfeld},
  title     = {Special Issue: Sustainable Manufacturing},
  journal   = {Journal of Manufacturing Science and Engineering},
  year      = {2016},
  volume    = {138},
  number    = {10},
  pages     = {101006},
  doi       = {10.1115/1.4034550},
  url       = {https://asmedigitalcollection.asme.org/manufacturingscience/article-abstract/doi/10.1115/1.4034550/375105}
}

@article{ref42,
  author    = {M. Tahiduzzaman},
  title     = {Manufacturing Process Optimization Using Open Data and Analytics},
  journal   = {Journal of Manufacturing and Materials Processing},
  year      = {2025},
  volume    = {9},
  number    = {4},
  pages     = {106},
  url       = {https://www.mdpi.com/2504-4494/9/4/106}
}

@misc{ref43,
  author       = {J. Doe},
  title        = {Generative AI for Manufacturing Innovation},
  howpublished = {Online},
  year         = {2023},
  url          = {https://papers.ssrn.com/sol3/papers.cfm?abstract_id=5188841},
  note         = {Accessed: 2024-06-01}
}

@article{ref44,
  author    = {F. Pistolesi and F. Leali and F. Pignatiello},
  title     = {AI for Efficiency and Sustainability in Assembly/Disassembly Industrial Processes: A Review and Future Perspectives},
  journal   = {IEEE Transactions on Industrial Informatics},
  year      = {2023},
  volume    = {19},
  number    = {2},
  pages     = {1063--1075},
  url       = {https://ieeexplore.ieee.org/document/10116050/}
}

@article{ref45,
  author    = {V. Vinodh and P. Mohan and K. Jayavel},
  title     = {Developing digital twin design for enhanced productivity of an automated anodizing industry and process prediction using hybrid deep neural network},
  journal   = {Engineering Applications of Artificial Intelligence},
  year      = {2023},
  volume    = {122},
  pages     = {103991},
  doi       = {10.1016/j.engappai.2023.103991},
  url       = {https://doi.org/10.1016/j.engappai.2023.103991}
}