@article{ref1,
  author    = {Wenbin Dai and Yingyue Zhang and Lingbo Kong and James H. Christensen and Dan Huang},
  title     = {Design of Industrial Edge Applications Based on IEC 61499 Microservices and Containers},
  journal   = {IEEE Transactions on Industrial Informatics},
  year      = 2023, 
  volume    = 19, 
  number    = 7, 
  pages     = {7925--7935}, 
  doi       = {10.1109/TII.2022.3214759}, 
  url       = {https://dblp.org/rec/journals/tii/DaiZKCH23.html}
}

@article{ref2,
  author    = {Eric Ke Wang and Zicong Chen and Mingjia Zhu and Siu-Ming Yiu and Chien-Ming Chen and Mohammad Mehedi Hassan and Stefano Izzo and Giancarlo Fortino},
  title     = {Statistics-Physics-Based Interpretation of the Classification Reliability of Convolutional Neural Networks in Industrial Automation Domain},
  journal   = {IEEE Transactions on Industrial Informatics},
  year      = {2023}, 
  volume    = {19}, 
  number    = {8}, 
  pages     = {2165--2172}, 
  doi       = {10.1109/TII.2022.3231458}, 
  url       = {https://dblp.org/rec/journals/tii/WangCZYCHIF23.html}
}

@article{ref3,
  author    = {Vuk Lesi and Zivana Jakovljevic and Miroslav Pajic},
  title     = {IoT-Enabled Motion Control: Architectural Design Challenges and Solutions},
  journal   = {IEEE Transactions on Industrial Informatics},
  year      = 2023, 
  volume    = 19, 
  number    = 3, 
  pages     = {2284--2294}, 
  doi       = {10.1109/TII.2022.3223438}, 
  url       = {https://dblp.org/rec/journals/tii/LesiJP23.html} 
}

@article{ref4,
  author    = {L. Gao and D. Li and Z. Chen and S. X. Ding and Z. Hou},
  title     = {SIR-Aided Dynamic Canonical Correlation Analysis for Fault Detection and Isolation of Industrial Automation Systems},
  journal   = {IEEE Transactions on Industrial Electronics},
  year      = 2024,
  volume    = {71},
  number    = {6},
  pages     = {6966--6977},
  url       = {https://ieeexplore.ieee.org/document/10354461/}
}

@article{ref5,
  author    = {J. Zhao and X. Yang and L. Liu and Y. Shi and J. Zhang and W. Xu and G. Xu},
  title     = {A Learning-Based Two-Stage Method for Submillimeter Insertion Tasks With Only Visual Inputs},
  journal   = {IEEE Transactions on Industrial Electronics},
  year      = 2023,
  volume    = {70},
  number    = {10},
  pages     = {10941--10951},
  doi       = {10.1109/tie.2023.3299051},
  url       = {https://ieeexplore.ieee.org/document/10210116/}
}

@article{ref6,
  author    = {A. B. S and R. K. M S},
  title     = {Highly Robust and Automated Vision based Filamentous Steel Strip Crack Detection System},
  journal   = {International Journal of Automation and Smart Technology},
  year      = 2020,
  volume    = {10},
  number    = {1},
  pages     = {109--123},
  url       = {https://www.jausmt.org/index.php/jausmt/issue/view/5}
}

@article{ref7,
  author    = {L. Kanagasabai},
  title     = {Real Power Loss Reduction by Extreme Learning Machine based - Xiphias and Gilt-head bream Optimization Algorithms},
  journal   = {International Journal of Automation and Smart Technology},
  year      = 2023,
  volume    = {13},
  pages     = {2354--2354},
  month     = {May},
  url       = {https://www.jausmt.org/index.php/jausmt/issue/view/2}
}

@misc{ref8,
  author    = {G. Hildebrandt and D. Dittler and P. Habiger and H. Roth and T. Sauter},
  title     = {Data Integration for Digital Twins in Industrial Automation: A Systematic Literature Review},
  howpublished = {Online},
  url       = {https://www.techrxiv.org/users/782028/articles/936580-data-integration-for-digital-twins-in-industrial-automation-a-systematic-literature-review},
  year      = {2023},
  note      = {Accessed: 2024-06-28}
}

@misc{ref9,
  author    = {A. Ghosh and S. Vighe},
  title     = {A Theoretical Framework for Architectural Anti-Patterns in Industrial Cloud-Edge Systems: Foundations, State-of-the-Art and Research Directions},
  howpublished = {Online},
  url       = {https://www.techrxiv.org/doi/full/10.36227/techrxiv.174439107.75971333/v1},
  note      = {Accessed: 2024-06-10}
}

@article{ref10,
  author    = {Guo, D. and Chen, X. and Jiang, Z. and Gong, J.},
  title     = {A review of industrial robot predictive maintenance research in the automotive industry},
  journal   = {TechRxiv},
  year      = 2023,
  url       = {https://www.techrxiv.org/doi/full/10.22541/au.169770250.00791915/v1}
}

@article{ref11,
  author    = {Snehasis Sahoo and Cheng-Yao Lo},
  title     = {Smart manufacturing powered by recent technological advancements: A review},
  journal   = {Journal of Manufacturing Systems},
  year      = 2022, 
  volume    = {64}, 
  pages     = {236--250}, 
  doi       = {10.1016/j.jmsy.2022.06.008}, 
  url       = {https://doi.org/10.1016/j.jmsy.2022.06.008}
}

@article{ref12,
  author    = {Fei Tao and Qinglin Qi and Ang Liu and Andrew Kusiak},
  title     = {Data-driven smart manufacturing},
  journal   = {Journal of Manufacturing Systems},
  year      = 2018, 
  volume    = 48, 
  pages     = {157--169}, 
  doi       = {10.1016/j.jmsy.2018.01.006}, 
  url       = {https://doi.org/10.1016/j.jmsy.2018.01.006} 
}

@article{ref13,
  author    = {Z. Qin and Y. Lu},
  title     = {Knowledge graph-enhanced multi-agent reinforcement learning for adaptive scheduling in smart manufacturing},
  journal   = {Journal of Intelligent Manufacturing},
  year      = 2024,
  doi       = {10.1007/s10845-024-02494-0},
  url       = {https://link.springer.com/article/10.1007/s10845-024-02494-0}
}

@article{ref14,
  author    = {X. Jing and X. Yao and M. Liu and J. Zhou},
  title     = {Multi-agent reinforcement learning based on graph convolutional network for flexible job shop scheduling},
  journal   = {Journal of Intelligent Manufacturing},
  year      = 2024,
  volume    = 35,
  pages     = {75--93},
  doi       = {10.1007/s10845-022-02037-5},
  url       = {https://link.springer.com/article/10.1007/s10845-022-02037-5}
}

@article{ref15,
  author    = {Jiacheng Sun and Zhenyu Liu and Chan Qiu and Jingqian Luo and Liang He and Hui Liu and Guodong Sa and Zhengyang Jiang and Jianrong Tan},
  title     = {Machining accuracy prediction and adaptive compensation method of CNC machine tool under absence of machining process sensing},
  journal   = {Journal of Intelligent Manufacturing},
  year      = 2024,
  doi       = {10.1007/s10845-024-02403-5},
  url       = {https://link.springer.com/article/10.1007/s10845-024-02403-5}
}

@article{ref16,
  author    = {Y. J. Qu and X. G. Ming and Z. W. Liu and X. Y. Zhang and Z. T. Hou},
  title     = {Smart manufacturing systems: state of the art and future trends},
  journal   = {The International Journal of Advanced Manufacturing Technology},
  year      = 2019,
  volume    = 103,
  number    = {9--12},
  pages     = {3751--3768},
  doi       = {10.1007/s00170-019-03754-7},
  url       = {https://doi.org/10.1007/s00170-019-03754-7}
}

@article{ref17,
  author    = {J.-S. Jwo and C.-S. Lin and C.-H. Lee},
  title     = {Smart technology--driven aspects for human-in-the-loop smart manufacturing},
  journal   = {The International Journal of Advanced Manufacturing Technology},
  year      = 2021,
  volume    = 114,
  pages     = {1741--1752},
  doi       = {10.1007/s00170-021-06977-9},
  url       = {https://doi.org/10.1007/s00170-021-06977-9}
}

@article{ref18,
  author    = {R. A. Rojas and E. Rauch},
  title     = {From a literature review to a conceptual framework of enablers for smart manufacturing control},
  journal   = {The International Journal of Advanced Manufacturing Technology},
  year      = {2019},
  volume    = {104},
  pages     = {517--533},
  doi       = {10.1007/s00170-019-03854-4},
  url       = {https://doi.org/10.1007/s00170-019-03854-4}
}

@article{ref19,
  author    = {S. Roy and I. Ahmed and J. Saldanha and K. Medini and T. Wuest},
  title     = {Bottleneck Management through Strategic Sequencing in Smart Manufacturing Systems},
  journal   = {Smart and Sustainable Manufacturing Systems},
  year      = 2024,
  volume    = {8},
  number    = {1},
  pages     = {1--26},
  doi       = {10.1520/ssms20230036},
  url       = {https://doi.org/10.1520/ssms20230036}
}

@article{ref20,
  author    = {M. Sato and V. W. H. Wong and H. Yeung and P. Witherell and K. H. Law},
  title     = {Identification and Interpretation of Melt Pool Shapes in Laser Powder Bed Fusion with Machine Learning},
  journal   = {Smart and Sustainable Manufacturing Systems},
  year      = 2024,
  volume    = 8,
  number    = 1,
  pages     = {27--47},
  doi       = {10.1520/ssms20230035},
  url       = {https://doi.org/10.1520/ssms20230035}
}

@article{ref21,
  author    = {T. Wuest},
  title     = {Hybrid Analytics in Smart Manufacturing Systems—Addressing the Manufacturing Data Challenge},
  journal   = {Smart and Sustainable Manufacturing Systems},
  year      = 2024, 
  volume    = {8}, 
  number    = {1}, 
  pages     = {48--66}, 
  doi       = {10.1520/ssms20230015}, 
  url       = {https://doi.org/10.1520/ssms20230015}
}

@misc{ref22,
  author       = {Mohammadhossein Ghahramani},
  title        = {Data-driven Predictive Analysis for Smart Manufacturing Processes Based on a Decomposition Approach},
  howpublished = {TechRxiv, Online},
  year         = {2021},
  month        = {July},
  day          = {28},
  doi          = {10.36227/techrxiv.15045426.v1},
  url          = {https://www.techrxiv.org/users/680517/articles/677184-data-driven-predictive-analysis-for-smart-manufacturing-processes-based-on-a-decomposition-approach},
  note         = {Accessed: 2024-06-13}
}

@article{ref23,
  author    = {Yu Nong},
  title     = {Digital Twins Integrating AI, AR, VR, and Robotics: A Case Study of Smart Manufacturing Transformation},
  journal   = {Engineering: Open Access},
  year      = 2025, 
  volume    = {3}, 
  number    = {3}, 
  pages     = {01--08}, 
  doi       = {10.33140/EOA.3.3.1}, 
  url       = {https://www.opastpublishers.com/open-access-articles/digital-twins-integrating-ai-ar-vr-and-robotics-a-case-study-of-smart-manufacturing-transformation-8936.html} 
}

@article{ref24,
  author    = {X. Xu and Y. Lu and B. Vogel-Heuser and L. Wang},
  title     = {Industry 4.0 and Industry 5.0—Inception, conception and perception},
  journal   = {Journal of Manufacturing Systems},
  year      = 2021, 
  volume    = {61}, 
  pages     = {530-535}, 
  doi       = {10.1016/j.jmsy.2021.10.006}, 
  url       = {https://doi.org/10.1016/j.jmsy.2021.10.006} 
}

@article{ref25,
  author    = {M. Ghobakhloo},
  title     = {Industry 4.0, digitization, and opportunities for sustainability},
  journal   = {Journal of Cleaner Production},
  year      = 2020, 
  volume    = {252}, 
  pages     = {119869}, 
  url       = {https://www.sciencedirect.com/science/article/pii/S0959652619347390}
}

@article{ref26,
  author    = {M. Beltrami and G. Orzes and J. Sarkis and M. Sartor},
  title     = {Industry 4.0 and sustainability: Towards conceptualization and theory},
  journal   = {Journal of Cleaner Production},
  year      = 2021,
  volume    = {312},
  pages     = {127733},
  url       = {https://www.sciencedirect.com/science/article/pii/S095965262101951X}
}

@article{ref27,
  author    = {F. J. Garzón-García and M. Álvarez-Montero and J. A. Márquez-García and Á. Troncoso-Pastoriza},
  title     = {Main Trend Topics on Industry 4.0 in the Manufacturing Sector},
  journal   = {Applied Sciences},
  year      = 2024,
  volume    = {14},
  number    = {15},
  pages     = {6450},
  url       = {https://www.mdpi.com/2076-3417/14/15/6450}
}

@article{ref28,
  author    = {J. Ni and G. Wang and T. Zhou and L. Liu},
  title     = {Smart Manufacturing and Industry 4.0},
  journal   = {Applied Sciences},
  year      = 2023,
  volume    = {13},
  number    = {3},
  pages     = {1545},
  url       = {https://www.mdpi.com/2076-3417/13/3/1545}
}

@article{ref29,
  author    = {F. Ludbrook and K. Frajtova Michalikova and Z. Musova and P. Suler},
  title     = {Business Models for Sustainable Innovation in Industry 4.0: Smart Manufacturing Processes, Digitalization of Production Systems, and Data-driven Decision Making},
  journal   = {Journal of Self-Governance and Management Economics},
  year      = 2019, 
  volume    = {7}, 
  number    = {3}, 
  pages     = {21--26}, 
  doi       = {10.22381/JSME7320193}, 
  url       = {https://www.addletonacademicpublishers.com/contents-jsme/1715-volume-7-3-2019/3608-business-models-for-sustainable-innovation-in-industry-4-0-smart-manufacturing-processes-digitalization-of-production-systems-and-data-driven-decision-making}
}

@article{ref30,
  author    = {C. Tuffnell and P. Kral and P. Durana and T. Krulicky},
  title     = {Industry 4.0-based Manufacturing Systems: Smart Production, Sustainable Supply Chain Networks, and Real-Time Process Monitoring},
  journal   = {Journal of Self-Governance and Management Economics},
  year      = 2019, 
  volume    = {7}, 
  number    = {2}, 
  pages     = {7--12}, 
  doi       = {10.22381/JSME7220191}, 
  url       = {https://www.addletonacademicpublishers.com/contents-jsme/1647-volume-7-2-2019/3541-industry-4-0-based-manufacturing-systems-smart-production-sustainable-supply-chain-networks-and-real-time-process-monitoring} 
}

@article{ref31,
  author    = {K. Wade and M. Vochozka},
  title     = {Artificial Intelligence Data-driven Internet of Things Systems, Sustainable Industry 4.0 Wireless Networks, and Digitized Mass Production in Cyber-Physical Smart Manufacturing},
  journal   = {Journal of Self-Governance and Management Economics},
  year      = 2021, 
  volume    = 9, 
  number    = 3, 
  pages     = {48--60}, 
  doi       = {10.22381/jsme9320214}, 
  url       = {https://www.addletonacademicpublishers.com/contents-jsme/2230-volume-9-3-2021/4064-artificial-intelligence-data-driven-internet-of-things-systems-sustainable-industry-4-0-wireless-networks-and-digitized-mass-production-in-cyber-physical-smart-manufacturing} 
}

@misc{ref32,
  author    = {Md Ismail Hossain and Kakoli Khatun and Imtiaz Ahmed},
  title     = {Cyber Intrusion detection in Industry 4.0 Data using Machine Learning},
  howpublished = {Online},
  year      = {2020},
  note      = {TechRxiv Preprint},
  url       = {https://www.techrxiv.org/doi/full/10.36227/techrxiv.24646194},
  note      = {Accessed: 2024-06-11}
}

@article{ref33,
  author    = {Diana Teresa Parra-S{\'a}nchez},
  title     = {Exploring the Internet of Things adoption in the Fourth Industrial Revolution: a comprehensive scientometric analysis},
  journal   = {Journal of Innovative Digital Transformation},
  year      = {2025},
  volume    = {2},
  number    = {1},
  pages     = {1-18},
  doi       = {10.1108/JIDT-06-2024-0013},
  url       = {https://doi.org/10.1108/JIDT-06-2024-0013}
}

@article{ref34,
  author    = {Edwin Omol and Paul Abuonji and Lucy Mburu},
  title     = {SMEs’ digital maturity: analyzing influencing factors and the mediating role of environmental factors},
  journal   = {Journal of Innovative Digital Transformation},
  year      = 2025, 
  volume    = {2}, 
  number    = {1}, 
  pages     = {19-36}, 
  doi       = {10.1108/JIDT-01-2024-0002}, 
  url       = {https://doi.org/10.1108/JIDT-01-2024-0002} 
}

@article{ref35,
  author    = {Cagatay Catal and Gorkem Kar and Murat Zarali},
  title     = {Strategic technological innovation investment: enhancing resilience in the age of digital transformation},
  journal   = {Journal of Innovative Digital Transformation},
  year      = 2025,
  volume    = {2},
  number    = {1},
  pages     = {50-72},
  doi       = {10.1108/JIDT-05-2024-0010},
  url       = {https://doi.org/10.1108/JIDT-05-2024-0010}
}

@article{ref36,
  author    = {Ming-Hsiung Hsiao},
  title     = {Resource integration and firm performance through organizational capabilities for digital transformation},
  journal   = {Digital Transformation and Society},
  year      = 2024,
  volume    = {ahead-of-print},
  number    = {ahead-of-print},
  doi       = {10.1108/DTS-07-2023-0050},
  url       = {https://doi.org/10.1108/DTS-07-2023-0050}
}

@article{ref37,
  author    = {K. Mavitha and S. Kushe Shekhar},
  title     = {Mapping the landscape of digital transformation and digital technologies in the hotel industry: a comprehensive bibliometric analysis},
  journal   = {Digital Transformation and Society},
  year      = 2025, 
  volume    = {ahead-of-print}, 
  number    = {ahead-of-print}, 
  pages     = {}, 
  doi       = {10.1108/DTS-09-2024-0178}, 
  url       = {https://doi.org/10.1108/DTS-09-2024-0178}
}

@article{ref38,
  author    = {Edwin Juma Omol},
  title     = {Organizational digital transformation: from evolution to future trends},
  journal   = {Digital Transformation and Society},
  year      = 2024,
  volume    = {3},
  number    = {3},
  pages     = {240-256},
  doi       = {10.1108/DTS-08-2023-0061},
  url       = {https://doi.org/10.1108/DTS-08-2023-0061}
}

@article{ref39,
  author    = {D. S. Stamoulis and E. Kopanaki},
  title     = {Digital Transformation in Banking: an Explanation Framework and a Progress Assessment Tool},
  journal   = {International Journal of Digital Transformation},
  year      = {in press},
  doi       = {10.1504/IJDT.2023.10064348},
  url       = {https://www.inderscience.com/info/ingeneral/forthcoming.php?jcode=ijdt}
}

@article{ref40,
  author    = {P. C. Verhoef and N. Kooge and P. Walk and others},
  title     = {Digital transformation: A multidisciplinary reflection and research agenda},
  journal   = {Journal of Business Research},
  year      = 2021,
  volume    = {122},
  pages     = {889--901},
  url       = {https://www.sciencedirect.com/science/article/pii/S0148296320304563}
}

@article{ref41,
  author    = {G. Jonathan and others},
  title     = {Digital transformation in business and management research: An overview and research agenda},
  journal   = {International Journal of Information Management},
  year      = {2021}, 
  volume    = {58}, 
  pages     = {102378}, 
  url       = {https://www.sciencedirect.com/science/article/pii/S0268401221001596}
}

@article{ref42,
  author    = {A. Jaya Lakshmi and A. Kumar and M. S. Kumar and S. I. Patel and S. K. L. Naik and J. V. N. Ramesh},
  title     = {Artificial intelligence in steering the digital transformation of collaborative technical education},
  journal   = {The Journal of High Technology Management Research},
  year      = 2023,
  volume    = {34},
  pages     = {100517},
  doi       = {10.1016/j.hitech.2023.100517},
  url       = {https://doi.org/10.1016/j.hitech.2023.100517}
}

@misc{ref43,
  author    = {C. O. Turcu and C. Turcu},
  title     = {Accelerating Digital Transformation in Higher Education with Robotic Process Automation},
  howpublished = {Online},
  url       = {https://www.techrxiv.org/users/690018/articles/681445-accelerating-digital-transformation-in-higher-education-with-robotic-process-automation},
  note      = {Accessed: 2024-06-12}
}

@article{ref44,
  author    = {B. Meyers and H. Vangheluwe and K. Gadeyne},
  title     = {Towards a knowledge graph framework for ad hoc analysis in manufacturing},
  journal   = {Journal of Intelligent Manufacturing},
  year      = 2024,
  volume    = {35},
  number    = {8},
  pages     = {3731--3752},
  url       = {https://link.springer.com/article/10.1007/s10845-023-02343-x}
}

@article{ref45,
  author    = {L. Kaven and P. Huke and R. H. Schmitt},
  title     = {Multi agent reinforcement learning for online layout planning and scheduling in flexible assembly systems},
  journal   = {Journal of Intelligent Manufacturing},
  year      = 2024, 
  volume    = 35, 
  number    = 8, 
  pages     = {3917--3936}, 
  doi       = {10.1007/s10845-023-02393-1}, 
  url       = {https://link.springer.com/article/10.1007/s10845-023-02393-1} 
}

@article{ref46,
  author    = {C. Gkournelos and C. Konstantinou and S. Makris},
  title     = {Praxis: a framework for AI-driven human action recognition in assembly},
  journal   = {Journal of Intelligent Manufacturing},
  year      = 2023, 
  volume    = {35}, 
  number    = {8}, 
  pages     = {3697--3711}, 
  url       = {https://link.springer.com/article/10.1007/s10845-023-02355-7} 
}

@article{ref47,
  author    = {J. Flores and I. Cabanes and A. Gutierrez and K. Lopez de Calle and O. Gonzalo and E. Portillo},
  title     = {An innovative smart monitoring system for DED-LB/MW process stability based on machine learning techniques},
  journal   = {International Journal of Advanced Manufacturing Technology},
  year      = {2025}, 
  volume    = {137}, 
  pages     = {1759--1773}, 
  doi       = {10.1007/s00170-025-15134-5}, 
  url       = {https://doi.org/10.1007/s00170-025-15134-5} 
}

@article{ref48,
  author    = {T.-Y. Wu and C.-Y. Lin},
  title     = {Surface profile estimation in milling through vibration analysis and long short-term memory networks},
  journal   = {International Journal of Advanced Manufacturing Technology},
  year      = 2025,
  volume    = {137},
  pages     = {2047--2060},
  doi       = {10.1007/s00170-025-15291-7},
  url       = {https://doi.org/10.1007/s00170-025-15291-7}
}

@article{ref49,
  author    = {O. Reffas and H. Boumediri and Y. Karmi and M. S. Kahaleras and I. Bousba and L. Aissa},
  title     = {Statistical analysis and predictive modeling of cutting parameters in EN-GJL-250 cast iron turning: application of machine learning and MOALO optimization},
  journal   = {International Journal of Advanced Manufacturing Technology},
  year      = 2025, 
  volume    = {137}, 
  pages     = {1991--2009}, 
  doi       = {10.1007/s00170-025-15098-6}, 
  url       = {https://doi.org/10.1007/s00170-025-15098-6}
}

@article{ref50,
  author    = {S. Fahle and N. G\"otze and G. Lanza and S. Voss and P. Nyhuis},
  title     = {Systematic review on machine learning (ML) methods for manufacturing processes -- Identifying artificial intelligence (AI) methods for process innovation},
  journal   = {Journal of Manufacturing Processes},
  year      = 2020,
  volume    = {53},
  pages     = {386--401},
  doi       = {10.1016/j.jmapro.2020.02.022},
  url       = {https://www.sciencedirect.com/science/article/pii/S1526612520307435}
}

@article{ref51,
  author    = {M. Ahsan and M. A. Habib and B. Khoda},
  title     = {Resource based process planning for additive manufacturing},
  journal   = {Journal of Manufacturing Processes},
  year      = 2019,
  volume    = 38,
  pages     = {76--87},
  url       = {https://www.sciencedirect.com/science/article/pii/S1526612519303206}
}

@article{ref52,
  author    = {T. Wuest and D. Weimer and C. Irgens and K.-D. Thoben},
  title     = {Machine learning in manufacturing: advantages, challenges, and applications},
  journal   = {Production \& Manufacturing Research},
  year      = {2016},
  volume    = {4},
  number    = {1},
  pages     = {23--45},
  doi       = {10.1080/21693277.2016.1192517},
  url       = {https://doi.org/10.1080/21693277.2016.1192517}
}

@article{ref53,
  author    = {B. \"Ordek and N. Dogan and M. Coatanea},
  title     = {Machine learning-supported manufacturing: a review and directions for future research},
  journal   = {Production \& Manufacturing Research},
  year      = {2024},
  volume    = {12},
  number    = {1},
  pages     = {1--36},
  doi       = {10.1080/21693277.2024.2326526},
  url       = {https://doi.org/10.1080/21693277.2024.2326526}
}

@article{ref54,
  author    = {J. Wan and X. Li and H.-N. Dai and A. Kusiak and M. Mart\'{i}nez-Garc\'{i}a and D. Li},
  title     = {Artificial Intelligence-Driven Customized Manufacturing Factory: Key Technologies, Applications, and Challenges},
  journal   = {Proceedings of the IEEE},
  year      = 2021, 
  url       = {https://arxiv.org/abs/2108.03383}
}

@article{ref55,
  author    = {M. Ghahramani and Y. Qiao and M. Zhou and A. O'Hagan and J. Sweeney},
  title     = {AI-based Modeling and Data-driven Evaluation for Smart Manufacturing Processes},
  journal   = {IEEE/CAA Journal of Automatica Sinica},
  year      = 2020,
  note      = {To appear, 13 pages},
  url       = {https://arxiv.org/abs/2008.12987}
}

@inproceedings{ref56,
  author    = {V. Petrone and E. Ferrentino and P. Chiacchio},
  title     = {On the role of Artificial Intelligence methods in modern force-controlled manufacturing robotic tasks},
  booktitle = {Proceedings of the 21st International Conference on Informatics in Control, Automation and Robotics – Volume 1: ICINCO},
  year      = {2024},
  pages     = {392--399},
  address   = {Porto, Portugal},
  url       = {https://arxiv.org/abs/2409.16828}
}

@article{ref57,
  author    = {Haoyu Yu and Dong Yu and Chuting Wang and Yi Hu and Yue Li},
  title     = {Edge intelligence-driven digital twin of CNC system: Architecture and deployment},
  journal   = {Robotics and Computer-Integrated Manufacturing},
  year      = {2023},
  volume    = {79},
  pages     = {102418},
  doi       = {10.1016/J.RCIM.2022.102418},
  url       = {https://dblp.org/rec/journals/rcim/YuYWHL23}
}

@article{ref58,
  author    = {L. Lu and J. Hou and S. Yuan and X. Yao and Y. Li and J. Zhu},
  title     = {Deep learning-assisted real-time defect detection and closed-loop adjustment for additive manufacturing of continuous fiber-reinforced polymer composites},
  journal   = {Robotics and Computer-Integrated Manufacturing},
  year      = 2023,
  volume    = {79},
  pages     = {102431},
  url       = {https://dblp.org/rec/journals/rcim/LuHYYLZ23}
}

@article{ref59,
  author    = {Yibing Li and Zhiyu Tao and Lei Wang and Baigang Du and Jun Guo and Shibao Pang},
  title     = {Digital twin-based job shop anomaly detection and dynamic scheduling},
  journal   = {Robotics and Computer-Integrated Manufacturing},
  year      = 2023, 
  volume    = {79}, 
  pages     = {102443}, 
  doi       = {10.1016/J.RCIM.2022.102443}, 
  url       = {https://dblp.org/rec/journals/rcim/LiTWDGP23}
}

@article{ref60,
  author    = {V. Naga Malleswari and P. G. Pragvamsa},
  title     = {Automatic machining feature recognition from STEP files},
  journal   = {International Journal of Computer Integrated Manufacturing},
  year      = 2023, 
  volume    = {36}, 
  number    = {6}, 
  pages     = {863--877}, 
  doi       = {10.1080/0951192X.2022.2162590}, 
  url       = {https://doi.org/10.1080/0951192X.2022.2162590}
}

@article{ref61,
  author    = {Z. Ayağ},
  title     = {An approach to evaluate CAM software alternatives},
  journal   = {International Journal of Computer Integrated Manufacturing},
  year      = 2020, 
  volume    = {33}, 
  number    = {5}, 
  pages     = {504--514}, 
  doi       = {10.1080/0951192X.2020.1757156}, 
  url       = {https://doi.org/10.1080/0951192X.2020.1757156}
}

@article{ref62,
  author    = {J. Pedro Madureira Pinto and R. D. S. Gomes and F. J. Gomes da Silva},
  title     = {Automating the manufacturing process of control cables for the automotive components industry},
  journal   = {The International Journal of Advanced Manufacturing Technology},
  year      = {2024}, 
  volume    = {135}, 
  number    = {11-12}, 
  pages     = {5533--5551}, 
  doi       = {10.1007/s00170-023-12675-2}, 
  url       = {https://link.springer.com/article/10.1007/s00170-023-12675-2}
}

@article{ref63,
  author    = {P. Eichenseer and H. Winkler},
  title     = {A data-oriented shopfloor management in the production context: a systematic literature review},
  journal   = {The International Journal of Advanced Manufacturing Technology},
  year      = 2024,
  volume    = {134},
  number    = {9-10},
  pages     = {4071--4097},
  doi       = {10.1007/s00170-024-12245-x},
  url       = {https://link.springer.com/article/10.1007/s00170-024-12245-x}
}

@article{ref64,
  author    = {J. Coble and M. Alberts and J. Karandikar},
  title     = {A data-driven framework for predicting machining stability: employing simulated data, operational modal analysis, and enhanced transfer learning},
  journal   = {The International Journal of Advanced Manufacturing Technology},
  year      = 2024,
  volume    = {135},
  number    = {11-12},
  pages     = {5843--5859},
  doi       = {10.1007/s00170-023-12693-0},
  url       = {https://link.springer.com/article/10.1007/s00170-023-12693-0}
}

@article{ref65,
  author    = {A. Sebeesh and A. Rasheed and E. Skaria and A. Joy},
  title     = {Development and Fabrication of Capsees},
  journal   = {International Journal of Computer Aided Manufacturing},
  year      = 2023,
  volume    = {9},
  number    = {2},
  pages     = {25--33},
  url       = {https://mechanical.journalspub.info/index.php?journal=JCAM&page=article&op=view&path[]=1897}
}

@article{ref66,
  author    = {S. Borawake and M. V. Khasne and S. Bhalerao and A. Dhamale},
  title     = {School Management System},
  journal   = {International Journal of Computer Aided Manufacturing},
  year      = {2023},
  volume    = {9},
  number    = {2},
  pages     = {1--8},
  url       = {https://mechanical.journalspub.info/index.php?journal=JCAM&page=article&op=view&path[]=1919}
}

@incollection{ref67,
  author    = {D. Mourtzis and S. Makris and G. Chryssolouris},
  title     = {Computer-Aided Manufacturing},
  booktitle = {CIRP Encyclopedia of Production Engineering},
  editor    = {Christoph Herrmann and Markus H{\"o}lter and Berend Denkena and Wolfgang Hintze and Eckart Uhlmann},
  publisher = {Springer},
  address   = {Berlin, Heidelberg},
  year      = {2018},
  pages     = {1--13},
  url       = {https://link.springer.com/doi/10.1007/978-3-642-35950-7_6550-4}
}

@article{ref68,
  author    = {D. A. Kurasov},
  title     = {Computer-aided manufacturing: Industry 4.0},
  journal   = {IOP Conference Series: Materials Science and Engineering},
  year      = 2021,
  volume    = {1047},
  number    = {1},
  pages     = {012153},
  url       = {https://iopscience.iop.org/article/10.1088/1757-899X/1047/1/012153}
}

@article{ref69,
  author    = {K. Torabi and E. Farjood and S. Hamedani},
  title     = {Rapid Prototyping Technologies and their Applications in Prosthodontics, a Review of Literature},
  journal   = {J Dent (Shiraz)},
  year      = {2015},
  volume    = {16},
  number    = {1},
  pages     = {1--9},
  url       = {https://pubmed.ncbi.nlm.nih.gov/25759851/}
}

@article{ref70,
  author    = {K. S. Exarchos and C. Mitsos and P. I. Barton},
  title     = {Global Optimization of Phase Stability and Phase Equilibrium Problems in Process Systems Engineering},
  journal   = {SIAM Journal on Optimization},
  year      = {2016},
  volume    = {26},
  number    = {4},
  pages     = {2457--2479},
  doi       = {10.1137/15M1027724},
  url       = {https://epubs.siam.org/doi/10.1137/15M1027724}
}

@article{ref71,
  author    = {A. M. Schweidtmann and A. Mitsos},
  title     = {Deterministic Global Optimization with Artificial Neural Networks Embedded},
  journal   = {Journal of Optimization Theory and Applications},
  year      = 2019, 
  volume    = {180}, 
  number    = {3}, 
  pages     = {925--948}, 
  doi       = {10.1007/s10957-018-1396-0}, 
  url       = {https://link.springer.com/article/10.1007/s10957-018-1396-0}
}

@article{ref72,
  author    = {Abooshahab, Mohammad Ali and Ekramian, Mohsen and Ebrahimpour-Boroojeny, Ali},
  title     = {Time-Delay Estimation in State and Output Equations of Nonlinear Systems Using Optimal Computational Approach},
  journal   = {Journal of Optimization Theory and Applications},
  year      = {2019},
  volume    = {180},
  number    = {3},
  pages     = {1036--1064},
  doi       = {10.1007/s10957-018-1410-6},
  url       = {https://link.springer.com/article/10.1007/s10957-018-1410-6}
}

@article{ref73,
  author    = {Hezhi Luo and Xiaodi Bai and Jiming Peng},
  title     = {Enhancing Semidefinite Relaxation for Quadratically Constrained Quadratic Programming via Penalty Methods},
  journal   = {Journal of Optimization Theory and Applications},
  year      = 2019,
  volume    = {180},
  number    = {3},
  pages     = {964--992},
  doi       = {10.1007/s10957-018-1416-0},
  url       = {https://link.springer.com/article/10.1007/s10957-018-1416-0}
}

@article{ref74,
  author    = {Shahriari, S. and Iranshahi, D. and Nikzad, A.},
  title     = {Optimization of a Novel Configuration for an Autothermal Reformer to Produce Hydrogen from Natural Gas},
  journal   = {Process Integration and Optimization for Sustainability},
  year      = {2025},
  volume    = {9},
  number    = {1},
  pages     = {75--91},
  doi       = {10.1007/s41660-024-00411-9},
  url       = {https://link.springer.com/article/10.1007/s41660-024-00411-9}
}

@article{ref75,
  author    = {O. Rezaei and R. Sahraeian and S. M. H. Hosseini},
  title     = {A Multi-Objective Optimization Framework to Design the Closed-Loop Supply Chain Network Using Machine Learning for Demand Prediction},
  journal   = {Process Integration and Optimization for Sustainability},
  year      = {2025},
  volume    = {9},
  doi       = {10.1007/s41660-024-00418-2},
  url       = {https://link.springer.com/article/10.1007/s41660-024-00418-2}
}

@article{ref76,
  author    = {Giacomo Nannicini},
  title     = {On the implementation of a global optimization method for mixed-variable problems},
  journal   = {Open Journal of Mathematical Optimization},
  year      = {2021}, 
  volume    = {2}, 
  pages     = {1--25}, 
  doi       = {10.5802/ojmo.3}, 
  url       = {https://ojmo.centre-mersenne.org/articles/10.5802/ojmo.3/}
}

@article{ref77,
  author    = {Hamed Rahimian and Sanjay Mehrotra},
  title     = {Frameworks and Results in Distributionally Robust Optimization},
  journal   = {Open Journal of Mathematical Optimization},
  year      = {2022},
  volume    = {3},
  pages     = {1--85},
  doi       = {10.5802/ojmo.15},
  url       = {https://ojmo.centre-mersenne.org/articles/10.5802/ojmo.15/}
}

@article{ref78,
  author    = {Welington de Oliveira},
  title     = {Short Paper - A note on the Frank--Wolfe algorithm for a class of nonconvex and nonsmooth optimization problems},
  journal   = {Open Journal of Mathematical Optimization},
  year      = {2023},
  volume    = {4},
  pages     = {1--10},
  doi       = {10.5802/ojmo.21},
  url       = {https://ojmo.centre-mersenne.org/articles/10.5802/ojmo.21/}
}

@article{ref79,
  author    = {Christensen, M. and Yunker, L. P. E. and Adedeji, F. and Häse, F. and Roch, L. M. and Gensch, T. and dos Passos Gomes, G. and Zepel, T. and Sigman, M. S. and Aspuru-Guzik, A. and Hein, J. E.},
  title     = {Data-science driven autonomous process optimization},
  journal   = {Communications Chemistry},
  year      = 2021, 
  volume    = {4}, 
  pages     = {112}, 
  doi       = {10.1038/s42004-021-00550-x}, 
  url       = {https://www.nature.com/articles/s42004-021-00550-x}
}

@article{ref80,
  author    = {J. Ouyang and J. Fu},
  title     = {Optimal strategies of improving energy efficiency for an energy-intensive manufacturer considering consumer environmental awareness},
  journal   = {International Journal of Production Research},
  year      = 2020,
  volume    = 58,
  number    = 4,
  pages     = {1017--1033},
  doi       = {10.1080/00207543.2019.1620360},
  url       = {https://doi.org/10.1080/00207543.2019.1620360}
}

@article{ref81,
  author    = {M. Kovács},
  title     = {Combination of Lean value-oriented conception and facility layout design for even more significant efficiency improvement and cost reduction},
  journal   = {International Journal of Production Research},
  year      = 2020, 
  volume    = 58, 
  number    = 10, 
  pages     = {2916--2936}, 
  doi       = {10.1080/00207543.2019.1630778}, 
  url       = {https://doi.org/10.1080/00207543.2019.1630778}
}

@article{ref82,
  author    = {A. Dolgui and G. Levin and B. Rozin},
  title     = {Optimisation of the aggregation and execution rates for intersecting operation sets: an example of machining process design},
  journal   = {International Journal of Production Research},
  year      = 2020, 
  volume    = 58, 
  number    = 9, 
  pages     = {2658--2676}, 
  doi       = {10.1080/00207543.2019.1627311}, 
  url       = {https://doi.org/10.1080/00207543.2019.1627311} 
}

@article{ref83,
  author    = {Y. Xiong and H. K. S. Lam and S. Karimi},
  title     = {The effect of virtual reality-enabled manufacturing practices on production efficiency},
  journal   = {International Journal of Production Economics},
  year      = 2024,
  volume    = {274},
  pages     = {Article 109288},
  url       = {https://www.sciencedirect.com/science/article/abs/pii/S0925527324001452}
}

@article{ref84,
  author    = {A. Belhadi and S. S. Kamble and M. Venkatesh and C. J. C. Jabbour and I. Benkhati},
  title     = {Building supply chain resilience and efficiency through additive manufacturing: An ambidextrous perspective on the dynamic capability view},
  journal   = {International Journal of Production Economics},
  year      = 2022, 
  volume    = {249}, 
  pages     = {108516}, 
  url       = {https://www.sciencedirect.com/science/article/pii/S0925527322000512} 
}

@article{ref85,
  author    = {F. Ye and Y. Ouyang and Y. Li},
  title     = {Digital investment and environmental performance: The mediating roles of production efficiency and green innovation},
  journal   = {International Journal of Production Economics},
  year      = 2023,
  volume    = {259},
  pages     = {108822},
  doi       = {10.1016/j.ijpe.2023.108822},
  url       = {https://www.sciencedirect.com/science/article/pii/S0925527323000543}
}

@article{ref86,
  author    = {V. Zelenyuk},
  title     = {Productivity analysis: roots, foundations, trends and perspectives},
  journal   = {Journal of Productivity Analysis},
  year      = 2023, 
  volume    = 60, 
  number    = 3, 
  pages     = {229--247}, 
  doi       = {10.1007/s11123-023-00692-1}, 
  url       = {https://doi.org/10.1007/s11123-023-00692-1} 
}

@article{ref87,
  author    = {L. Simar and V. Zelenyuk and S. Zhao},
  title     = {Further improvements of finite sample approximation of central limit theorems for envelopment estimators},
  journal   = {Journal of Productivity Analysis},
  year      = 2023, 
  volume    = 59, 
  number    = 2, 
  pages     = {189--194}, 
  doi       = {10.1007/s11123-023-00661-8}, 
  url       = {https://doi.org/10.1007/s11123-023-00661-8} 
}

@article{ref88,
  author    = {S. Emili and F. Galli},
  title     = {Spatial and cross-sectoral input spillover effects: the case of the Italian tourism industry},
  journal   = {Journal of Productivity Analysis},
  year      = 2023,
  volume    = {59},
  number    = {2},
  pages     = {243--258},
  doi       = {10.1007/s11123-023-00665-4},
  url       = {https://doi.org/10.1007/s11123-023-00665-4}
}

@article{ref89,
  author    = {S. Jiwangkura and P. Sophatsathit and A. Chandrachai},
  title     = {Industrial Internet of Things Implementation Strategies with HCI for SME Adoption},
  journal   = {International Journal of Automation and Smart Technology},
  year      = 2020, 
  volume    = 10, 
  number    = 1, 
  pages     = {153--168},
  url       = {https://www.jausmt.org/index.php/jausmt/issue/view/5}
}

@article{ref90,
  author    = {Yuqian Lu and Juvenal Sastre Adrados and Saahil Shivneel Chand and Lihui Wang},
  title     = {Humans are Not Machines---Anthropocentric Human--Machine Symbiosis for Ultra-Flexible Smart Manufacturing},
  journal   = {Engineering},
  year      = {2021},
  volume    = {7},
  number    = {6},
  pages     = {734--737},
  doi       = {10.1016/j.eng.2020.09.018},
  url       = {https://www.engineering.org.cn/EN/10.1016/j.eng.2020.09.018}
}

@article{ref91,
  author    = {M. Liu and S. Fang and H. Dong and C. Xu},
  title     = {Review of digital twin about concepts, technologies, and industrial applications},
  journal   = {Journal of Manufacturing Systems},
  year      = 2021,
  volume    = {58},
  pages     = {346--361},
  doi       = {10.1016/j.jmsy.2020.06.017},
  url       = {https://doi.org/10.1016/j.jmsy.2020.06.017}
}

@article{ref92,
  author    = {A. B. Morales-Menendez and A. I. Cortés-Robles},
  title     = {The Future of Manufacturing and Industry 4.0},
  journal   = {Applied Sciences},
  year      = 2025, 
  volume    = {15}, 
  number    = {9}, 
  pages     = {4655}, 
  url       = {https://www.mdpi.com/2076-3417/15/9/4655} 
}

@misc{ref93,
  author    = {M. S. Islam and S. S. Ahmed and W. Alasmary and M. A. Rahman and K. Salah and F. Li},
  title     = {SSI meets Metaverse for Industry 4.0 and Beyond},
  howpublished = {TechRxiv Preprint, Online},
  year      = {2022},
  url       = {https://www.techrxiv.org/users/683788/articles/679058/master/file/data/SSI_meets_Metaverse_for_Industry_4_0_and_Beyond-3/SSI_meets_Metaverse_for_Industry_4_0_and_Beyond-3.pdf},
  note      = {Accessed: 2024-06-09}
}

@misc{ref94,
  author    = {A. M. M. S. Ullah and K. Amanullah and M. C. Alam and M. Shahjalal},
  title     = {What is Knowledge in Industry 4.0?},
  howpublished = {Online},
  url       = {https://www.techrxiv.org/users/293649/articles/421708-what-is-knowledge-in-industry-4-0},
  note      = {Accessed: 2024-06-11}
}

@article{ref95,
  author    = {E. \"O. Alaka\c{s}},
  title     = {Digital transformational leadership and organizational agility in digital transformation: Structural equation modelling of the moderating effects of digital culture and digital strategy},
  journal   = {The Journal of High Technology Management Research},
  year      = {2024},
  volume    = {35},
  number    = {2},
  pages     = {Article 100517},
  doi       = {10.1016/j.hitech.2024.100517},
  url       = {https://doi.org/10.1016/j.hitech.2024.100517}
}

@article{ref96,
  author    = {E. T. Daskalopoulos and O. Machek},
  title     = {Leveraging social capital for digital transformation: The role of ambidexterity and familial orientation},
  journal   = {The Journal of High Technology Management Research},
  year      = 2024, 
  volume    = 35, 
  number    = 2, 
  pages     = {100512}, 
  doi       = {10.1016/j.hitech.2024.100512}, 
  url       = {https://doi.org/10.1016/j.hitech.2024.100512}
}

@misc{ref97,
  author    = {P. Lu},
  title     = {Digital Transformation for Micro, Small, and Medium Enterprises (MSMEs): Significance, Challenges, and Pathways to Sustainable Value Creation},
  howpublished = {Online},
  url       = {https://www.techrxiv.org/users/911397/articles/1291457-digital-transformation-for-micro-small-and-medium-enterprises-msmes-significance-challenges-and-pathways-to-sustainable-value-creation},
  note      = {Accessed: 2024-06-08}
}

@misc{ref98,
  author    = {A. Khare and S. Martha and S. Agrawal},
  title     = {Rethinking Digital Transformation Metrics: Moving Beyond Traditional ROI},
  howpublished = {Online},
  url       = {https://www.techrxiv.org/doi/full/10.36227/techrxiv.172503986.60735611/v1},
  note      = {Accessed: 2024-06-08}
}

@article{ref99,
  author    = {Z. Wang and W. Yang and Q. Liu and Y. Zhao and P. Liu and D. Wu and M. Banu and L. Chen},
  title     = {Artificial intelligence in additive manufacturing: A review and future directions},
  journal   = {Journal of Manufacturing Processes},
  year      = 2022, 
  volume    = {77}, 
  pages     = {13--31}, 
  url       = {https://www.sciencedirect.com/science/article/pii/S1526612522001334} 
}

@article{ref100,
  author    = {A. Kumar and S. Tiwari and L. C. Jain},
  title     = {Artificial intelligence-driven cyber-physical production systems in Industry 4.0: opportunities, challenges and future research directions},
  journal   = {Production \& Manufacturing Research},
  year      = 2018,
  volume    = 6,
  number    = 1,
  pages     = {240--272},
  doi       = {10.1080/21693277.2018.1502697},
  url       = {https://doi.org/10.1080/21693277.2018.1502697}
}

@article{ref101,
  author    = {H. Ben Slama and R. Gaha and A. BenAmara and B. Eynard},
  title     = {Features interaction-based methodology for selecting process plan of green machining using CAD/CAM system},
  journal   = {International Journal of Computer Integrated Manufacturing},
  year      = 2023,
  volume    = {36},
  number    = {11},
  pages     = {1242--1259},
  doi       = {10.1080/0951192X.2023.2189309},
  url       = {https://doi.org/10.1080/0951192X.2023.2189309}
}

@article{ref102,
  author    = {D. Vashist and N. Singh},
  title     = {Analysis of Power Train Design of EV},
  journal   = {International Journal of Computer Aided Manufacturing},
  year      = 2023,
  volume    = {9},
  number    = {2},
  pages     = {16--24},
  url       = {https://mechanical.journalspub.info/index.php?journal=JCAM&page=article&op=view&path[]=1902}
}

@article{ref103,
  author    = {S. Garimella and S. W. Thomas and S. J. Wright and J. W. Bae},
  title     = {Robust Model Predictive Control via Scenario Optimization with Applications to Process Systems},
  journal   = {SIAM Journal on Optimization},
  year      = {2019}, 
  volume    = {29}, 
  number    = {4}, 
  pages     = {2909--2939}, 
  doi       = {10.1137/18M1200978}, 
  url       = {https://epubs.siam.org/doi/10.1137/18M1200978} 
}

@article{ref104,
  author    = {F. T. Johansen and R. S. Rios and K. M. Bristow},
  title     = {On Solving Large-Scale Nonlinear Process Optimization Problems with Order-of-Magnitude Differences in Variable Scales},
  journal   = {SIAM Journal on Optimization},
  year      = 2018,
  volume    = 28,
  number    = 2,
  pages     = {1305--1329},
  doi       = {10.1137/17M1126790},
  url       = {https://epubs.siam.org/doi/10.1137/17M1126790}
}

@article{ref105,
  author    = {F. Sholahudin Rohman and S. Rafidah Wan Alwi and A. Azmi},
  title     = {Finite Element-Based Optimization of Industrial Low-Density Polyethylene Production in a Tubular Reactor: Addressing Energy and Productivity Challenges},
  journal   = {Process Integration and Optimization for Sustainability},
  year      = 2025,
  volume    = {9},
  url       = {https://link.springer.com/article/10.1007/s41660-025-00399-x}
}