@article{ref1,
  author    = {K. G. Larsen},
  title     = {On Range Searching in the Group Model and Combinatorial Discrepancy},
  journal   = {SIAM Journal on Computing},
  year      = {2014},
  volume    = {43},
  number    = {2},
  pages     = {673--686},
  doi       = {10.1137/120865240},
  url       = {https://epubs.siam.org/doi/10.1137/120865240}
}

@article{ref2,
  author    = {P. K. Agarwal and J. Matoušek and M. Sharir},
  title     = {On Range Searching with Semialgebraic Sets. II},
  journal   = {SIAM Journal on Computing},
  year      = {2013},
  volume    = {42},
  number    = {6},
  pages     = {2039--2062},
  doi       = {10.1137/120890855},
  url       = {https://epubs.siam.org/doi/10.1137/120890855}
}

@article{ref3,
  author    = {C.-W. Mortensen},
  title     = {Fully Dynamic Orthogonal Range Reporting on RAM},
  journal   = {SIAM Journal on Computing},
  year      = {2006},
  volume    = {35},
  number    = {5},
  pages     = {1268--1303},
  doi       = {10.1137/S0097539703436722},
  url       = {https://epubs.siam.org/doi/10.1137/S0097539703436722}
}

@article{ref4,
  author    = {Y. A. Malkov and D. A. Yashunin},
  title     = {Efficient and Robust Approximate Nearest Neighbor Search Using Hierarchical Navigable Small World Graphs},
  journal   = {IEEE Transactions on Pattern Analysis and Machine Intelligence},
  year      = 2020,
  volume    = 42, 
  number    = 4, 
  pages     = {824-836}, 
  url       = {https://ieeexplore.ieee.org/document/8594636}
}

@article{ref5,
  author    = {Q. Liao and S. Li and X. Hu},
  title     = {Point Set Registration for 3D Range Scans Using Fuzzy Correspondences},
  journal   = {IEEE Transactions on Pattern Analysis and Machine Intelligence},
  year      = {2020},
  volume    = {42},
  number    = {9},
  pages     = {2167-2180},
  url       = {https://ieeexplore.ieee.org/document/9026868}
}

@article{ref6,
  author    = {R. Yao and J. Liu and H. Li},
  title     = {Hunter: Exploring High-Order Consistency for Point Cloud Registration},
  journal   = {IEEE Transactions on Pattern Analysis and Machine Intelligence},
  year      = {2023},
  volume    = {45},
  number    = {12},
  pages     = {14760--14776},
  url       = {https://ieeexplore.ieee.org/document/10246849}
}

@article{ref7,
  author    = {W. Choi and C. Shim and I. Yun and H. Shin},
  title     = {Scalable Algorithms for Maximizing Spatiotemporal Range Queries},
  journal   = {Electronics},
  year      = {2020},
  volume    = {9},
  number    = {3},
  pages     = {514},
  url       = {https://www.mdpi.com/2079-9292/9/3/514}
}

@article{ref8,
  author    = {V. Plevris and G. Kalivas and I. Andreadou},
  title     = {Pure Random Orthogonal Search (PROS): A Plain and Efficient Method for Global Optimization},
  journal   = {Applied Sciences},
  year      = {2021},
  volume    = {11},
  number    = {11},
  pages     = {5053},
  url       = {https://www.mdpi.com/2076-3417/11/11/5053}
}

@inproceedings{ref9,
  author    = {H. Wang},
  title     = {Unit-Disk Range Searching and Applications},
  booktitle = {Proceedings of the 18th Scandinavian Workshop on Algorithm Theory (SWAT)},
  year      = {2022},
  url       = {https://arxiv.org/abs/2204.08992}
}

@misc{ref10,
  author       = {T. M. Chan and Q. He and Y. Nekrich},
  title        = {Further Results on Colored Range Searching},
  howpublished = {arXiv preprint arXiv:2003.11604},
  year         = {2020},
  url          = {https://arxiv.org/abs/2003.11604},
  note         = {Accessed: 2024-06-09}
}

@inproceedings{ref11,
  author    = {P. Afshani and P. Cheng and A. B. Roy and Z. Wei},
  title     = {On Range Summary Queries},
  booktitle = {Proceedings of the 50th International Colloquium on Automata, Languages, and Programming (ICALP)},
  year      = {2023},
  url       = {https://arxiv.org/abs/2305.03180},
  note      = {To appear}
}

@article{ref12,
  author    = {B. Moseley and J. Wang and M. Wang},
  title     = {Average Linkage, Bisecting K-means, and Local Search},
  journal   = {Journal of Machine Learning Research},
  year      = 2023,
  volume    = {24},
  number    = {1},
  pages     = {1-39},
  url       = {https://www.jmlr.org/papers/volume24/18-080/18-080.pdf}
}

@article{ref13,
  author    = {S. Klepper and C. Heuss and S. L. Campêlo and S. Hildebrandt},
  title     = {Clustering with Tangles: Algorithmic Framework and Guarantees},
  journal   = {Journal of Machine Learning Research},
  year      = {2023}, 
  volume    = {24}, 
  number    = {1}, 
  pages     = {1--55}, 
  url       = {https://www.jmlr.org/papers/volume24/21-1160/21-1160.pdf}
}

@article{ref14,
  author    = {Y. Huang and M. Chen and T. Li},
  title     = {Incorporating domain ontology information into clustering heterogeneous networks},
  journal   = {WIREs Data Mining and Knowledge Discovery},
  year      = {2021},
  volume    = {11},
  number    = {3},
  pages     = {e1413},
  doi       = {10.1002/widm.1413},
  url       = {https://wires.onlinelibrary.wiley.com/doi/10.1002/widm.1413}
}

@article{ref15,
  author    = {T. Ullmann and S. Schubert and A. Seidl},
  title     = {Validation of cluster analysis results on validation data: A formal framework},
  journal   = {WIREs Data Mining and Knowledge Discovery},
  year      = {2022},
  volume    = {12},
  number    = {1},
  pages     = {e1444},
  doi       = {10.1002/widm.1444},
  url       = {https://wires.onlinelibrary.wiley.com/doi/10.1002/widm.1444}
}

@article{ref16,
  author    = {T. H. Sardar and M. A. Saleh and I. Atoum},
  title     = {Reflecting on a decade of evolution: MapReduce‐based clustering of big data},
  journal   = {WIREs Data Mining and Knowledge Discovery},
  year      = {2024},
  volume    = {14},
  number    = {1},
  pages     = {e1566},
  doi       = {10.1002/widm.1566},
  url       = {https://wires.onlinelibrary.wiley.com/doi/10.1002/widm.1566}
}

@article{ref17,
  author    = {N. E. Garcia-Pedrajas and G. Cerruela-Garc\'{\i}a},
  title     = {PYRAMID: A label hierarchical clustering approach for multilabel classification},
  journal   = {Machine Learning: Science and Technology},
  year      = 2025,
  volume    = {6},
  number    = {3},
  pages     = {035013},
  doi       = {10.1088/2632-2153/adde0e},
  url       = {https://doi.org/10.1088/2632-2153/adde0e}
}

@article{ref18,
  author    = {C. N. Melton and S. L. Johnson and N. C. Plumb and M. Radovic and M. Hashimoto and P. D. C. King and D. F. McMorrow},
  title     = {K-means-driven Gaussian Process data collection for angle-resolved photoemission spectroscopy},
  journal   = {Machine Learning: Science and Technology},
  year      = {2020},
  volume    = {1},
  number    = {4},
  pages     = {045015},
  doi       = {10.1088/2632-2153/abab61},
  url       = {https://doi.org/10.1088/2632-2153/abab61}
}

@article{ref19,
  author    = {M. Ho and X. Zhao and B. D. Wandelt},
  title     = {Ordered embeddings and intrinsic dimensionalities with information-ordered bottlenecks},
  journal   = {Machine Learning: Science and Technology},
  year      = {2025},
  volume    = {6},
  number    = {3},
  pages     = {035008},
  doi       = {10.1088/2632-2153/ade94d},
  url       = {https://doi.org/10.1088/2632-2153/ade94d}
}

@article{ref20,
  author    = {W. Cai and F. Yang and B. Yao and C. Li and G. Sun},
  title     = {An adaptive k-means clustering algorithm based on grid and domain centroid weights for digital twins in the context of digital transformation},
  journal   = {J. Big Data},
  year      = {2025},
  volume    = {12},
  number    = {130},
  doi       = {10.1186/s40537-025-01180-z},
  url       = {https://doi.org/10.1186/s40537-025-01180-z}
}

@article{ref21,
  author    = {S. Sieranoja and P. Fränti},
  title     = {Fast agglomerative clustering using approximate traveling salesman solutions},
  journal   = {J. Big Data},
  year      = {2025},
  volume    = {12},
  number    = {21},
  doi       = {10.1186/s40537-024-01053-x},
  url       = {https://doi.org/10.1186/s40537-024-01053-x}
}

@article{ref22,
  author    = {R. Haripriya and N. Khare and M. Pandey and S. Biswas},
  title     = {Decentralized big data mining: federated learning for clustering youth tobacco use in India},
  journal   = {J. Big Data},
  year      = {2024},
  volume    = {11},
  number    = {},
  pages     = {179},
  doi       = {10.1186/s40537-024-01042-0},
  url       = {https://doi.org/10.1186/s40537-024-01042-0}
}

@misc{ref23,
  author       = {J. Paparrizos and F. Yang and H. Li},
  title        = {Bridging the Gap: A Decade Review of Time-Series Clustering Methods},
  howpublished = {arXiv preprint arXiv:2412.20582},
  year         = {2024},
  month        = {Dec},
  url          = {https://arxiv.org/abs/2412.20582},
  note         = {Accessed: 2024-06}
}

@article{ref24,
  author    = {Zimeng Zhou and Chenyun Yu and Sarana Nutanong and Yufei Cui and Chenchen Fu and Chun Jason Xue},
  title     = {A Hardware-Accelerated Solution for Hierarchical Index-Based Merge-Join},
  journal   = {IEEE Transactions on Knowledge and Data Engineering},
  year      = {2019},
  volume    = {31},
  number    = {1},
  pages     = {91--104},
  doi       = {10.1109/TKDE.2018.2833615},
  url       = {https://ieeexplore.ieee.org/document/8317091}
}

@article{ref25,
  author    = {Chaoyue Niu and Zhenzhe Zheng and Fan Wu and Xiaofeng Gao and Guihai Chen},
  title     = {Achieving Data Truthfulness and Privacy Preservation in Data Markets},
  journal   = {IEEE Transactions on Knowledge and Data Engineering},
  year      = {2019},
  volume    = {31},
  number    = {1},
  pages     = {105--119},
  doi       = {10.1109/TKDE.2018.2850348},
  url       = {https://ieeexplore.ieee.org/document/8321498}
}

@article{ref26,
  author    = {G. Cong and W. You and J. Gehrke},
  title     = {Machine Learning for Databases: Foundations, Paradigms, and Future Directions},
  journal   = {ACM Transactions on Database Systems},
  year      = {2024},
  volume    = {48},
  number    = {1},
  pages     = {1--45},
  doi       = {10.1145/3626246.3654686},
  url       = {https://dl.acm.org/doi/pdf/10.1145/3626246.3654686}
}

@article{ref27,
  author    = {K. Huang and J. Zhang and J. Li and W. Chen},
  title     = {The Past, Present and Future of Indexing on Persistent Memory},
  journal   = {ACM Transactions on Database Systems},
  year      = {2023},
  volume    = {48},
  number    = {1},
  pages     = {2:1--2:35},
  doi       = {10.14778/3554821.3554897},
  url       = {https://dl.acm.org/doi/pdf/10.14778/3554821.3554897}
}

@article{ref28,
  author    = {Y. Zhang and H. Tang and S. Chen},
  title     = {Longshot: Indexing Growing Databases using MPC and Differential Privacy},
  journal   = {ACM Trans. Database Syst.},
  year      = 2022,
  volume    = 47,
  number    = 4,
  pages     = {46:1--46:30},
  doi       = {10.14778/3594512.3594529},
  url       = {https://dl.acm.org/doi/pdf/10.14778/3594512.3594529}
}

@article{ref29,
  author    = {G. Wu},
  title     = {A case study for Adaptive Radix Tree index},
  journal   = {Information Systems},
  year      = {2022},
  volume    = {104},
  number    = {C},
  pages     = {101--113},
  url       = {https://www.sciencedirect.com/science/article/abs/pii/S0306437921001228}
}

@article{ref30,
  author    = {N. Bahri},
  title     = {On indexing evidential data},
  journal   = {Information Systems},
  year      = {2019},
  volume    = {84},
  pages     = {1--14},
  url       = {https://www.sciencedirect.com/science/article/pii/S0888613X18303566}
}

@article{ref31,
  author    = {J. M. Medina and J. F. Nieves and J. A. Pulido},
  title     = {Indexing techniques to improve the performance of database systems: Overview and current trends},
  journal   = {Information Systems},
  year      = {2018},
  volume    = {72},
  pages     = {42--56},
  url       = {https://www.sciencedirect.com/science/article/abs/pii/S030643791830097X}
}

@article{ref32,
  author    = {A. Sharma and S. Hajj and B. Bhuyan},
  title     = {PalmHashNet: Palmprint Hashing Network for Indexing Large Databases to Boost Identification},
  journal   = {IEEE Access},
  year      = {2021},
  volume    = {9},
  pages     = {43522--43534},
  url       = {https://ieeexplore.ieee.org/document/9585462/}
}

@misc{ref33,
  author       = {G. P. Licks and F. Meneguzzi},
  title        = {Automated Database Indexing using Model-free Reinforcement Learning},
  howpublished = {arXiv preprint arXiv:2007.14244},
  year         = {2020},
  month        = jul,
  url          = {https://arxiv.org/abs/2007.14244},
  note         = {Accessed: 2024-06-10}
}

@misc{ref34,
  author       = {A. Al-Mamun and H. Wu and Q. He and J. Wang and W. G. Aref},
  title        = {A Survey of Learned Indexes for the Multi-dimensional Space},
  howpublished = {Online},
  year         = {2024},
  month        = mar,
  note         = {arXiv preprint arXiv:2403.06456},
  url          = {https://arxiv.org/abs/2403.06456},
  note         = {Accessed: 2024-06-01}
}

@misc{ref35,
  author       = {S. Nakazono and Y. Bessho and H. Kawashima and T. Nakamori},
  title        = {Griffin: Fast Transactional Database Index with Hash and B+-Tree},
  howpublished = {arXiv preprint arXiv:2407.13294, Online},
  year         = {2024},
  month        = jul,
  url          = {https://arxiv.org/abs/2407.13294},
  note         = {Accessed: 2024-07}
}