@article{ref1,
  author    = {Yoshito Ishiki},
  title     = {A characterization of metric subspaces of full Assouad dimension},
  journal   = {Journal of Fractal Geometry},
  year      = 2021,
  volume    = {8},
  number    = {4},
  pages     = {363--388},
  doi       = {10.4171/JFG/109},
  url       = {https://ems.press/journals/jfg/articles/2831056}
}

@article{ref2,
  author    = {P. Kern and L. Pleschberger},
  title     = {Parabolic fractal geometry of stable L{\'e}vy processes with drift},
  journal   = {Journal of Fractal Geometry},
  year      = 2024, 
  volume    = {11}, 
  number    = {3/4}, 
  pages     = {343--371}, 
  doi       = {10.4171/jfg/152}, 
  url       = {https://ems.press/journals/jfg/articles/14297999} 
}

@article{ref3,
  author    = {M. L. Lapidus and G. Radunović and D. Žubrinić},
  title     = {Fractal tube formulas for compact sets and relative fractal drums: oscillations, complex dimensions and fractality},
  journal   = {Journal of Fractal Geometry},
  year      = 2018,
  volume    = {5},
  number    = {1},
  pages     = {1--119},
  url       = {https://ems.press/journals/jfg/articles/15256}
}

@article{ref4,
  author    = {Á. G. López},
  title     = {Dynamics in Fractal Spaces},
  journal   = {Fractals},
  year      = {2021},
  volume    = {29},
  number    = {01},
  pages     = {2150016},
  doi       = {10.1142/S0218348X2150016X},
  url       = {https://www.worldscientific.com/doi/10.1142/S0218348X2150016X}
}

@article{ref5,
  author    = {G. Calcagni},
  title     = {Multifractional Theories: An Updated Review},
  journal   = {Modern Physics Letters A},
  year      = 2021,
  volume    = {36},
  number    = {04n05},
  pages     = {2130006},
  doi       = {10.1142/S021773232140006X},
  url       = {https://www.worldscientific.com/doi/abs/10.1142/S021773232140006X}
}

@article{ref6,
  author    = {Kifayat Ullah and S. K. Katiyar},
  title     = {Generalized G-Hausdorff space and applications in fractals},
  journal   = {Chaos, Solitons \& Fractals},
  year      = 2023,
  volume    = {174},
  pages     = {113819},
  doi       = {10.1016/j.chaos.2023.113819},
  url       = {https://www.sciencedirect.com/science/article/abs/pii/S0960077923007208}
}

@article{ref7,
  author    = {R. Lal and S. Chandra and A. Prajapati and D. Kumar and S. Abbas},
  title     = {Fractal surfaces in Lebesgue spaces with respect to fractal measures and associated fractal operators},
  journal   = {Chaos, Solitons \& Fractals},
  year      = 2024, 
  volume    = {181}, 
  pages     = {114684}, 
  url       = {https://www.sciencedirect.com/science/article/abs/pii/S0960077924002364}
}

@article{ref8,
  author    = {B. V. Prithvi and S. K. Katiyar},
  title     = {Revisiting fractal through nonconventional iterated function systems},
  journal   = {Chaos, Solitons \& Fractals},
  year      = 2023, 
  volume    = {170}, 
  pages     = {113337}, 
  url       = {https://www.sciencedirect.com/science/article/abs/pii/S0960077923002382}
}

@article{ref9,
  author    = {A. A. Attiya and H. M. Abo Seada and S. Khalil},
  title     = {Properties and Applications of Complex Fractal--Fractional Differential Operators},
  journal   = {Fractal and Fractional},
  year      = 2024, 
  volume    = {8}, 
  number    = {10}, 
  pages     = {584}, 
  url       = {https://www.mdpi.com/2504-3110/8/10/584}
}

@article{ref10,
  author    = {A. S. Salama and S. Nada and M. Alaidaros and D. Altalhi and T. S. El-Monaem and S. H. Alshamrani},
  title     = {On Product Neutrosophic Fractal Spaces and $\alpha$-Density in Neutrosophic Fractal Spaces},
  journal   = {Fractal and Fractional},
  year      = 2025,
  volume    = {9},
  number    = {2},
  pages     = {59},
  url       = {https://www.mdpi.com/2504-3110/9/2/59}
}

@article{ref11,
  author    = {R. Anttila and S. Eriksson-Bique},
  title     = {On Constructions of Fractal Spaces Using Replacement and the Combinatorial Loewner Property},
  journal   = {arXiv preprint arXiv:2406.08062 [math.MG]},
  year      = 2024,
  url       = {https://arxiv.org/abs/2406.08062}
}

@article{ref12,
  author    = {E. Megias and A. K. Golmankhaneh and A. Deppman},
  title     = {Dynamics in fractal spaces},
  journal   = {Physics Letters B},
  year      = 2024,
  volume    = {848},
  pages     = {138370},
  url       = {https://arxiv.org/abs/2309.13627}
}

@article{ref13,
  author    = {R. Anttila and S. Eriksson-Bique and R. Shimizu},
  title     = {Construction of self-similar energy forms and singularity of Sobolev spaces on Laakso-type fractal spaces},
  journal   = {arXiv preprint arXiv:2503.13258},
  year      = 2025,
  eprint    = {2503.13258},
  archivePrefix = {arXiv},
  primaryClass  = {math.MG},
  url       = {https://arxiv.org/abs/2503.13258}
}

@article{ref14,
  author    = {I. Biswas and M. Fernández and V. Muñoz and M. A. Bastón},
  title     = {On formality of Sasakian manifolds},
  journal   = {Journal of Topology},
  year      = {2016},
  volume    = {9},
  number    = {1},
  pages     = {161--180},
  url       = {https://academic.oup.com/jtopol/article/9/1/161/2459653}
}

@article{ref15,
  author    = {V. Valov},
  title     = {Homology manifolds and homogeneous compacta},
  journal   = {arXiv preprint arXiv:2505.07196 [math.GN]},
  year      = {2025},
  url       = {https://arxiv.org/abs/2505.07196}
}

@misc{ref16,
  author    = {K. Oyakawa},
  title     = {Borel asymptotic dimension of the Roller boundary of finite dimensional CAT(0) cube complexes},
  howpublished = {arXiv preprint arXiv:2505.10334 [math.GT]},
  year      = 2025,
  url       = {https://arxiv.org/abs/2505.10334},
  note      = {Accessed: 2024-06-08}
}

@article{ref17,
  author    = {A. Lewis and Z. Ojakli and I. Petkova and B. Shapiro},
  title     = {Double-point enhanced GRID invariants and Lagrangian cobordisms},
  journal   = {arXiv preprint arXiv:2505.07599},
  year      = 2025,
  url       = {https://arxiv.org/abs/2505.07599}
}

@article{ref18,
  author    = {Xin Li},
  title     = {Ample groupoids, topological full groups, algebraic K-theory spectra and infinite loop spaces},
  journal   = {Forum of Mathematics, Pi},
  year      = 2025, 
  volume    = {13}, 
  pages     = {e9}, 
  doi       = {10.1017/fmp.2024.31}, 
  url       = {https://doi.org/10.1017/fmp.2024.31} 
}

@article{ref19,
  author    = {Yoshiko Ogata},
  title     = {An $H^{3}(G,\mathbb{T})$-valued index of symmetry-protected topological phases with on-site finite group symmetry for two-dimensional quantum spin systems},
  journal   = {Forum of Mathematics, Pi},
  year      = 2021,
  volume    = 9,
  number    = {},
  pages     = {e13},
  doi       = {10.1017/fmp.2021.17},
  url       = {https://doi.org/10.1017/fmp.2021.17}
}

@article{ref20,
  author    = {Jeffrey Bergfalk and Martino Lupini and Aristotelis Panagiotopoulos},
  title     = {The definable content of homological invariants II: Čech cohomology and homotopy classification},
  journal   = {Forum of Mathematics, Pi},
  year      = {2024},
  volume    = {12},
  number    = {},
  pages     = {e12},
  doi       = {10.1017/fmp.2024.7},
  url       = {https://doi.org/10.1017/fmp.2024.7}
}

@article{ref21,
  author    = {E. J. Janse van Rensburg and E. Orlandini and M. C. Tesi and S. G. Whittington},
  title     = {Thermodynamic and topological properties of copolymer rings with a segregation/mixing transition},
  journal   = {Journal of Physics A: Mathematical and Theoretical},
  year      = 2022,
  volume    = {55},
  number    = {43},
  pages     = {435002},
  doi       = {10.1088/1751-8121/ac9936},
  url       = {https://doi.org/10.1088/1751-8121/ac9936}
}

@article{ref22,
  author    = {Nick Bultinck and Dominic J Williamson and Jutho Haegeman and Frank Verstraete},
  title     = {Fermionic projected entangled-pair states and topological phases},
  journal   = {Journal of Physics A: Mathematical and Theoretical},
  year      = 2018,
  volume    = {51},
  number    = {2},
  pages     = {025202},
  doi       = {10.1088/1751-8121/aa99cc},
  url       = {https://doi.org/10.1088/1751-8121/aa99cc}
}

@article{ref23,
  author    = {Chris Bourne and Emil Prodan},
  title     = {Non-commutative Chern numbers for generic aperiodic discrete systems},
  journal   = {Journal of Physics A: Mathematical and Theoretical},
  year      = {2018},
  volume    = {51},
  number    = {23},
  pages     = {235202},
  doi       = {10.1088/1751-8121/aac093},
  url       = {https://doi.org/10.1088/1751-8121/aac093}
}

@article{ref24,
  author    = {Julian Legendre and Eduárd Zsurka and Daniele Di Miceli and Llorenç Serra and Kristof Moors and Thomas L. Schmidt},
  title     = {Topological properties of finite-size heterostructures of magnetic topological insulators and superconductors},
  journal   = {Physical Review B},
  year      = {2024},
  volume    = {110},
  number    = {7},
  pages     = {075426},
  doi       = {10.1103/PhysRevB.110.075426},
  url       = {https://arxiv.org/abs/2404.16520}
}

@article{ref25,
  author    = {Guliuxin Jin and D. O. Oriekhov and Lukas Johannes Splitthoff and Eliska Greplova},
  title     = {Topological finite size effect in one-dimensional chiral symmetric systems},
  journal   = {arXiv preprint arXiv:2411.17822},
  year      = 2024,
  doi       = {10.48550/arXiv.2411.17822},
  url       = {https://arxiv.org/abs/2411.17822}
}

@inproceedings{ref26,
  author    = {Rub\'en Ballester and Ernst R\"oell and Daniel B{\={\i}}n Schmid and Mathieu Alain and Sergio Escalera and Carles Casacuberta and Bastian Rieck},
  title     = {MANTRA: The Manifold Triangulations Assemblage},
  booktitle = {Proceedings of the International Conference on Learning Representations (ICLR)},
  year      = {2025},
  url       = {https://arxiv.org/abs/2410.02392},
  doi       = {10.48550/arXiv.2410.02392}
}

@article{ref27,
  author    = {M. W. Ahn},
  title     = {On the error-sum function of Pierce expansions},
  journal   = {Journal of Fractal Geometry},
  year      = 2023,
  volume    = {10},
  number    = {3/4},
  pages     = {389--421},
  url       = {https://ems.press/journals/jfg/articles/12544243}
}

@article{ref28,
  author    = {Lai Jiang and Huo-Jun Ruan},
  title     = {Box dimension of generalized affine fractal interpolation functions},
  journal   = {Journal of Fractal Geometry},
  year      = 2023,
  volume    = {10},
  number    = {3/4},
  pages     = {279--302},
  doi       = {10.4171/JFG/136},
  url       = {https://ems.press/journals/jfg/articles/11973446}
}

@article{ref29,
  author    = {S.-M. Ngai and W. Tang},
  title     = {Schrödinger equations defined by a class of self-similar measures},
  journal   = {Journal of Fractal Geometry},
  year      = 2023, 
  volume    = {10}, 
  number    = {3/4}, 
  pages     = {209--241}, 
  url       = {https://ems.press/journals/jfg/articles/11973445}
}

@article{ref30,
  author    = {M. S. Hussein},
  title     = {A survey on the computational methods for the determination of fractal dimensions and types of fractals},
  journal   = {Fractals},
  year      = 2020,
  volume    = {28},
  number    = {7},
  pages     = {2040033-1--2040033-22},
  doi       = {10.1142/S0218348X20400338},
  url       = {https://www.worldscientific.com/doi/abs/10.1142/S0218348X20400338}
}

@article{ref31,
  author    = {C. Bandt and D. Mekhontsev},
  title     = {Elementary Fractal Geometry. 2. Carpets Involving Irrational Rotations},
  journal   = {Fractal and Fractional},
  year      = 2022, 
  volume    = 6, 
  number    = 1, 
  pages     = {39}, 
  url       = {https://www.mdpi.com/2504-3110/6/1/39} 
}

@article{ref32,
  author    = {S.I. Ri and V. Drakopoulos and S.M. Nam},
  title     = {Fractal Interpolation Using Harmonic Functions on the Koch Curve},
  journal   = {Fractal and Fractional},
  year      = 2021,
  volume    = 5,
  number    = 2,
  pages     = {28},
  url       = {https://www.mdpi.com/2504-3110/5/2/28}
}

@article{ref33,
  author    = {Md. N. Akhtar and M.G.P. Prasad and M.A. Navascués and R.N. Mohapatra},
  title     = {Fractal Dimension of Fractal Functions on the Real Projective Plane},
  journal   = {Fractal and Fractional},
  year      = 2023,
  volume    = {7},
  number    = {7},
  pages     = {510},
  url       = {https://www.mdpi.com/2504-3110/7/7/510}
}

@article{ref34,
  author    = {A. Berdnikov and L. Guth and F. Manin},
  title     = {Degrees of maps and multiscale geometry},
  journal   = {Forum of Mathematics, Pi},
  year      = 2024, 
  volume    = {12}, 
  number    = {},
  pages     = {e2}, 
  doi       = {10.1017/fmp.2023.33}, 
  url       = {https://doi.org/10.1017/fmp.2023.33} 
}

@article{ref35,
  author    = {J. Miller and S. Sheffield and W. Werner},
  title     = {CLE Percolations},
  journal   = {Forum of Mathematics, Pi},
  year      = 2017, 
  volume    = {5},
  pages     = {e4},
  doi       = {10.1017/fmp.2017.5},
  url       = {https://doi.org/10.1017/fmp.2017.5}
}

@article{ref36,
  author    = {A. Hammond},
  title     = {A patchwork quilt sewn from Brownian fabric: Regularity of polymer weight profiles in Brownian last passage percolation},
  journal   = {Forum of Mathematics, Pi},
  year      = 2019,
  volume    = {7},
  number    = {},
  pages     = {e2},
  doi       = {10.1017/fmp.2019.2},
  url       = {https://doi.org/10.1017/fmp.2019.2}
}

@article{ref37,
  author    = {Biplab Pal},
  title     = {A fractal geometry immersed in a hierarchical magnetic flux distribution},
  journal   = {Journal of Applied Physics},
  year      = 2025,
  volume    = {137},
  number    = {14},
  pages     = {144301},
  url       = {https://arxiv.org/abs/2406.12972}
}

@article{ref38,
  author    = {Lulu Fang and Carlos Gustavo Moreira and Yiwei Zhang},
  title     = {Fractal geometry of continued fractions with large coefficients and dimension drop problems},
  journal   = {arXiv preprint arXiv:2409.00521},
  year      = 2024,
  url       = {https://arxiv.org/abs/2409.00521}
}

@article{ref39,
  author    = {Julia El Zini and Bassel Musharrafieh and Mariette Awad},
  title     = {On The Potential of The Fractal Geometry and The CNNs Ability to Encode it},
  journal   = {arXiv preprint arXiv:2401.04141},
  year      = {2024},
  url       = {https://arxiv.org/abs/2401.04141}
}

@article{ref40,
  author    = {M. T. Barlow and M. Murugan},
  title     = {Stability of the elliptic Harnack inequality},
  journal   = {Annals of Mathematics},
  year      = 2018,
  volume    = {187},
  number    = {3},
  pages     = {777--823},
  doi       = {10.4007/annals.2018.187.3.4},
  url       = {https://doi.org/10.4007/annals.2018.187.3.4}
}

@article{ref41,
  author    = {R. H. Bamler},
  title     = {Convergence of Ricci flows with bounded scalar curvature},
  journal   = {Annals of Mathematics},
  year      = 2018,
  volume    = {188},
  number    = {3},
  pages     = {753--831},
  doi       = {10.4007/annals.2018.188.3.2},
  url       = {https://doi.org/10.4007/annals.2018.188.3.2}
}

@article{ref42,
  author    = {Assaf Naor},
  title     = {Discrete Riesz transforms and sharp metric $X_p$ inequalities},
  journal   = {Annals of Mathematics},
  year      = {2016}, 
  volume    = {184}, 
  number    = {3}, 
  pages     = {991--1016}, 
  doi       = {10.4007/annals.2016.184.3.9}, 
  url       = {https://doi.org/10.4007/annals.2016.184.3.9} 
}

@article{ref43,
  author    = {David Bate},
  title     = {Purely unrectifiable metric spaces and perturbations of Lipschitz functions},
  journal   = {Acta Mathematica},
  year      = 2020, 
  volume    = {224}, 
  number    = {1}, 
  pages     = {1--116}, 
  url       = {https://projecteuclid.org/journals/acta-mathematica/volume-224/issue-1/Purely-unrectifiable-metric-spaces-and-perturbations-of-Lipschitz-functions/10.4310/ACTA.2020.v224.n1.a1.pdf} 
}

@article{ref44,
  author    = {Christoph B{\"o}hm and Ramiro A. Lafuente},
  title     = {Non-compact Einstein manifolds with symmetry},
  journal   = {Journal of the American Mathematical Society},
  year      = {2023},
  volume    = {36},
  pages     = {591--651},
  doi       = {10.1090/jams/1022},
  url       = {https://doi.org/10.1090/jams/1022}
}

@article{ref45,
  author    = {Pierre Lairez},
  title     = {Rigid continuation paths I. Quasilinear average complexity for solving polynomial systems},
  journal   = {Journal of the American Mathematical Society},
  year      = {2020}, 
  volume    = {33}, 
  pages     = {487--526}, 
  doi       = {10.1090/jams/938}, 
  url       = {https://doi.org/10.1090/jams/938} 
}

@article{ref46,
  author    = {Uri Bader and Pierre-Emmanuel Caprace and Jean L\'ecureux},
  title     = {On the linearity of lattices in affine buildings and ergodicity of the singular Cartan flow},
  journal   = {Journal of the American Mathematical Society},
  year      = 2019, 
  volume    = {32}, 
  pages     = {491--562}, 
  doi       = {10.1090/jams/914}, 
  url       = {https://doi.org/10.1090/jams/914}
}

@article{ref47,
  author    = {Lauri Hitruhin and Alexander Tsantaris},
  title     = {Quasiconformal curves and quasiconformal maps in metric spaces},
  journal   = {Analysis and Geometry in Metric Spaces},
  year      = 2025, 
  volume    = {13}, 
  number    = {1}, 
  pages     = {20250019}, 
  doi       = {10.1515/agms-2025-0019}, 
  url       = {https://www.degruyter.com/document/doi/10.1515/agms-2025-0019/html}
}

@article{ref48,
  author    = {D. Cao Labora and F. J. Fernández and F. A. F. Tojo and C. Villanueva Mariz},
  title     = {Necessary and sufficient conditions for distances on the real line},
  journal   = {Analysis and Geometry in Metric Spaces},
  year      = 2025,
  volume    = {13},
  number    = {1},
  pages     = {20250022},
  doi       = {10.1515/agms-2025-0022},
  url       = {https://www.degruyter.com/document/doi/10.1515/agms-2025-0022/html}
}

@article{ref49,
  author    = {Y. Yu},
  title     = {Blow-ups of minimal surfaces in the Heisenberg group},
  journal   = {Analysis and Geometry in Metric Spaces},
  year      = 2025, 
  volume    = {13}, 
  number    = {1}, 
  pages     = {20250021}, 
  doi       = {10.1515/agms-2025-0021}, 
  url       = {https://www.degruyterbrill.com/document/doi/10.1515/agms-2025-0021/html}
}

@article{ref50,
  author    = {Yusuke Ishiki and Kazunori Koshino},
  title     = {On isometric universality of spaces of metrics},
  journal   = {arXiv preprint arXiv:2409.17701},
  year      = {2024},
  url       = {https://arxiv.org/abs/2409.17701},
  note      = {18 pages}
}

@article{ref51,
  author    = {A. Bykov and E. Minguzzi and S. Suhr},
  title     = {Lorentzian metric spaces and GH-convergence: the unbounded case},
  journal   = {arXiv preprint arXiv:2412.04311},
  year      = 2024,
  note      = {69 pages, revised May 2025},
  url       = {https://arxiv.org/abs/2412.04311}
}

@misc{ref52,
  author       = {D. Martínez and F. Vigolo},
  title        = {C*-rigidity of bounded geometry metric spaces},
  howpublished = {arXiv preprint arXiv:2501.03128},
  year         = {2025},
  note         = {15 pages, Jan. 2025},
  url          = {https://arxiv.org/abs/2501.03128}
}

@article{ref53,
  author    = {I. G. Korepanov},
  title     = {Self-similarity in cubic blocks of R-operators},
  journal   = {Journal of Mathematical Physics},
  year      = 2023,
  volume    = {64},
  number    = {10},
  pages     = {101704-1--101704-33},
  doi       = {10.1063/5.0143884},
  url       = {https://doi.org/10.1063/5.0143884}
}

@article{ref54,
  author    = {G. Mograby and R. Balu and K. A. Okoudjou and A. Teplyaev},
  title     = {Spectral decimation of a self-similar version of almost Mathieu-type operators},
  journal   = {Journal of Mathematical Physics},
  year      = {2022}, 
  volume    = {63}, 
  number    = {5}, 
  pages     = {053501-1--053501-23}, 
  doi       = {10.1063/5.0078939}, 
  url       = {https://doi.org/10.1063/5.0078939}
}

@article{ref55,
  author    = {V. E. Adler and M. P. Kolesnikov},
  title     = {Non-Abelian Toda lattice and analogs of Painlev\'{e} III equation},
  journal   = {Journal of Mathematical Physics},
  year      = 2022,
  volume    = 63,
  number    = 10,
  pages     = {103504-1--103504-24},
  doi       = {10.1063/5.0091939},
  url       = {https://doi.org/10.1063/5.0091939}
}

@misc{ref56,
  author    = {Engin Özkan and Bahar Kuloǧlu and James F. Peters},
  title     = {K-NARAYANA SEQUENCE SELF-SIMILARITY},
  howpublished = {Online},
  year      = {2021},
  url       = {https://hal.science/hal-03242990},
  note      = {Accessed: 2024-06-09}
}

@article{ref57,
  author    = {Tushar Mitra and Tomal Hossain and Santo Banerjee and Md. Kamrul Hassan},
  title     = {Similarity and self-similarity in random walk with fixed, random and shrinking steps},
  journal   = {Chaos, Solitons \& Fractals},
  year      = {2021},
  volume    = {145},
  pages     = {110790},
  doi       = {10.1016/j.chaos.2021.110790},
  url       = {https://doi.org/10.1016/j.chaos.2021.110790}
}

@article{ref58,
  author    = {S\'ergio Luiz E. F. da Silva},
  title     = {κ-generalised Gutenberg--Richter law and the self-similarity of earthquakes},
  journal   = {Chaos, Solitons \& Fractals},
  year      = {2021},
  volume    = {143},
  pages     = {110622},
  month     = {feb},
  doi       = {10.1016/j.chaos.2020.110622},
  url       = {https://doi.org/10.1016/j.chaos.2020.110622}
}

@article{ref59,
  author    = {M. Hassanaly and V. Raman},
  title     = {A self-similarity principle for the computation of rare event probability},
  journal   = {Journal of Physics A: Mathematical and Theoretical},
  year      = 2019,
  volume    = 52,
  number    = 49,
  pages     = {495501},
  doi       = {10.1088/1751-8121/ab5313},
  url       = {https://doi.org/10.1088/1751-8121/ab5313}
}

@article{ref60,
  author    = {N. K. Bell and V. N. Grebenev and S. B. Medvedev and S. V. Nazarenko},
  title     = {Self-similar evolution of Alfven wave turbulence},
  journal   = {Journal of Physics A: Mathematical and Theoretical},
  year      = 2017, 
  volume    = 50, 
  number    = 43, 
  pages     = {435501}, 
  doi       = {10.1088/1751-8121/aa8bd9}, 
  url       = {https://doi.org/10.1088/1751-8121/aa8bd9}
}

@article{ref61,
  author    = {A. Pantokratoras},
  title     = {Comment on ‘Heat conduction: a telegraph-type model with self-similar behavior of solutions’},
  journal   = {Journal of Physics A: Mathematical and Theoretical},
  year      = 2021, 
  volume    = 54, 
  number    = 5, 
  pages     = {057001}, 
  doi       = {10.1088/1751-8121/aba91e}, 
  url       = {https://doi.org/10.1088/1751-8121/aba91e}
}

@article{ref62,
  author    = {M. Grabchak},
  title     = {On the Self-Similarity of Remainder Processes and the Relationship Between Stable and Dickman Distributions},
  journal   = {Mathematics},
  year      = {2025},
  volume    = {13},
  number    = {6},
  pages     = {907},
  url       = {https://www.mdpi.com/2227-7390/13/6/907}
}

@article{ref63,
  author    = {R. R. Nigmatullin and Y. Chen},
  title     = {Self-Similarity Principle and the General Theory of Fractal Elements: How to Fit a Random Curve with a Clearly Expressed Trend?},
  journal   = {Mathematics},
  year      = 2023, 
  volume    = {11}, 
  number    = {12}, 
  pages     = {2781}, 
  url       = {https://www.mdpi.com/2227-7390/11/12/2781}
}

@article{ref64,
  author    = {A. Ryskan and Z. Arzikulov and T. Ergashev and A. Berdyshev},
  title     = {Self-Similar Solutions of a Multidimensional Degenerate Partial Differential Equation of the Third Order},
  journal   = {Mathematics},
  year      = 2024,
  volume    = 12,
  number    = 20,
  pages     = {3188},
  url       = {https://www.mdpi.com/2227-7390/12/20/3188}
}

@article{ref65,
  author    = {N. Bempedelis and L. Magri and K. Steiros},
  title     = {Extracting self-similarity from data},
  journal   = {arXiv preprint arXiv:2407.10724},
  year      = {2024},
  url       = {https://arxiv.org/abs/2407.10724}
}

@inproceedings{ref66,
  author    = {H. Kwon and M. Kim and S. Kwak and M. Cho},
  title     = {Learning Self-Similarity in Space and Time as Generalized Motion for Video Action Recognition},
  booktitle = {Proceedings of the IEEE/CVF International Conference on Computer Vision (ICCV)},
  year      = {2021},
  url       = {https://arxiv.org/abs/2102.07092},
  note      = {arXiv preprint arXiv:2102.07092}
}

@article{ref67,
  author    = {K. Ohkitani},
  title     = {Self-similarity in turbulence and its applications},
  journal   = {arXiv preprint arXiv:2201.04775},
  year      = {2022},
  url       = {https://arxiv.org/abs/2201.04775}
}

@article{ref68,
  author    = {T. Orponen and P. Shmerkin},
  title     = {On the Hausdorff dimension of Furstenberg sets and orthogonal projections in the plane},
  journal   = {Duke Mathematical Journal},
  year      = {2023},
  volume    = {172},
  number    = {18},
  pages     = {3559--3632},
  doi       = {10.1215/00127094-2022-0103},
  url       = {https://projecteuclid.org/journals/duke-mathematical-journal/volume-172/issue-18/On-the-Hausdorff-dimension-of-Furstenberg-sets-and-orthogonal-projections/10.1215/00127094-2022-0103.full}
}

@article{ref69,
  author    = {D.-J. Feng},
  title     = {Dimension of invariant measures for affine iterated function systems},
  journal   = {Duke Mathematical Journal},
  year      = {2023},
  volume    = {172},
  number    = {4},
  pages     = {701--774},
  doi       = {10.1215/00127094-2022-0014},
  url       = {https://projecteuclid.org/journals/duke-mathematical-journal/volume-172/issue-4/Dimension-of-invariant-measures-for-affine-iterated-function-systems/10.1215/00127094-2022-0014.full}
}

@article{ref70,
  author    = {J. Cao and M. Zhu},
  title     = {Upper estimates for the Hausdorff dimension of the temporal attractor for a 3D Keller-Segel-Navier-Stokes system},
  journal   = {Proceedings of the American Mathematical Society},
  year      = 2025,
  volume    = {153},
  number    = {5},
  pages     = {1983--1997},
  url       = {https://www.ams.org/journals/proc/2025-153-05/S0002-9939-2025-17148-9/S0002-9939-2025-17148-9.pdf}
}

@article{ref71,
  author    = {A. Sarfraz},
  title     = {Hausdorff dimension of Julia sets of unicritical correspondences},
  journal   = {Proceedings of the American Mathematical Society},
  year      = {2023},
  volume    = {151},
  number    = {2},
  pages     = {725--734},
  url       = {https://www.ams.org/journals/proc/2023-151-02/S0002-9939-2022-16125-5/S0002-9939-2022-16125-5.pdf}
}

@article{ref72,
  author    = {Jonathan M. Fraser and Douglas C. Howroyd and Antti K{\"a}enm{\"a}ki and Han Yu},
  title     = {On the Hausdorff dimension of microsets},
  journal   = {Proceedings of the American Mathematical Society},
  year      = {2019},
  volume    = {147},
  number    = {11},
  pages     = {4921--4936},
  doi       = {10.1090/proc/14613},
  url       = {https://www.ams.org/journals/proc/2019-147-11/S0002-9939-2019-14613-X/}
}

@article{ref73,
  author    = {M. Myllyoja},
  title     = {Hausdorff dimension of limsup sets of isotropic rectangles in Heisenberg groups},
  journal   = {Journal of Fractal Geometry},
  year      = 2024, 
  volume    = {11}, 
  number    = {3/4}, 
  pages     = {219--246}, 
  doi       = {10.4171/JFG/151}, 
  url       = {https://ems.press/journals/jfg/articles/14298232}
}

@article{ref74,
  author    = {Pertti Mattila},
  title     = {Hausdorff dimension of intersections with planes and general sets},
  journal   = {Journal of Fractal Geometry},
  year      = 2021,
  volume    = {8},
  number    = {4},
  pages     = {389--401},
  doi       = {10.4171/JFG/110},
  url       = {https://ems.press/journals/jfg/articles/2856269}
}

@article{ref75,
  author    = {Kornélia Héra and Tamás Keleti and András Máthé},
  title     = {Hausdorff dimension of unions of affine subspaces and of Furstenberg-type sets},
  journal   = {Journal of Fractal Geometry},
  year      = 2019,
  volume    = 6,
  number    = 3,
  pages     = {263--284},
  doi       = {10.4171/JFG/77},
  url       = {https://ems.press/journals/jfg/articles/16321}
}

@article{ref76,
  author    = {W. Bergweiler and A. Tsantaris},
  title     = {Hausdorff dimension in quasiregular dynamics},
  journal   = {Israel Journal of Mathematics},
  year      = 2025,
  volume    = {265},
  pages     = {429--465},
  doi       = {10.1007/s11856-024-2664-3},
  url       = {https://doi.org/10.1007/s11856-024-2664-3}
}

@article{ref77,
  author    = {L. Crone and L. Fishman and S. Jackson},
  title     = {Hausdorff dimension regularity properties and games},
  journal   = {Israel Journal of Mathematics},
  year      = {2022},
  volume    = {248},
  pages     = {481--500},
  doi       = {10.1007/s11856-022-2299-1},
  url       = {https://doi.org/10.1007/s11856-022-2299-1}
}

@article{ref78,
  author    = {B. Klopsch and A. Thillaisundaram and A. Zugadi-Reizabal},
  title     = {Hausdorff dimensions in p-adic analytic groups},
  journal   = {Israel Journal of Mathematics},
  year      = 2019,
  volume    = {231},
  pages     = {1--23},
  doi       = {10.1007/s11856-019-1852-z},
  url       = {https://doi.org/10.1007/s11856-019-1852-z}
}

@article{ref79,
  author    = {N. S. Aranov and T. Kim},
  title     = {Hausdorff dimension of singular vectors in function fields},
  journal   = {arXiv preprint arXiv:2405.11274},
  year      = {2024},
  month     = {May},
  url       = {https://arxiv.org/abs/2405.11274}
}

@article{ref80,
  author    = {D. Hatefi and D. Simmons},
  title     = {Hausdorff dimension of differences of badly approximable sets},
  journal   = {arXiv preprint arXiv:2412.01669},
  year      = 2024,
  month     = dec,
  url       = {https://arxiv.org/abs/2412.01669}
}

@article{ref81,
  author    = {M. Biskup and S. Gufler and O. Louidor},
  title     = {On support sets of the critical Liouville Quantum Gravity},
  journal   = {arXiv preprint arXiv:2406.02814},
  year      = {2024},
  month     = {Jun},
  url       = {https://arxiv.org/abs/2406.02814}
}

@article{ref82,
  author    = {U. Bunke},
  title     = {On the topological contents of $\eta$--invariants},
  journal   = {Geometry \& Topology},
  year      = {2017},
  volume    = {21},
  number    = {3},
  pages     = {1675--1744},
  url       = {https://msp.org/gt/2017/21-3/gt-v21-n3-p01-s.pdf}
}

@article{ref83,
  author    = {A. Esterov and L. Lang},
  title     = {Sparse polynomial equations and other enumerative problems via Newton polytopes and resultants},
  journal   = {Geometry \& Topology},
  year      = 2021,
  volume    = {25},
  number    = {6},
  pages     = {3071--3140},
  url       = {https://msp.org/gt/2021/25-6/gt-v25-n6-p06-s.pdf}
}

@article{ref84,
  author    = {D. Ascari and F. Milizia},
  title     = {Weakly Bounded Cohomology Classes and a Counterexample to a Conjecture of Gromov},
  journal   = {Geometric and Functional Analysis},
  year      = 2024, 
  volume    = 34, 
  number    = 3, 
  pages     = {631--658}, 
  doi       = {10.1007/s00039-024-00676-9}, 
  url       = {https://link.springer.com/article/10.1007/s00039-024-00676-9}
}

@article{ref85,
  author    = {R. H. Bamler and C. Cifarelli and R. J. Conlon and A. Deruelle},
  title     = {A New Complete Two-Dimensional Shrinking Gradient Kähler-Ricci Soliton},
  journal   = {Geometric and Functional Analysis},
  year      = 2024, 
  volume    = {34}, 
  number    = {2}, 
  pages     = {377--392}, 
  doi       = {10.1007/s00039-024-00668-9}, 
  url       = {https://link.springer.com/article/10.1007/s00039-024-00668-9}
}

@article{ref86,
  author    = {M. Kawasaki and M. Kimura and M. Mimura},
  title     = {Commuting symplectomorphisms on a surface and the flux homomorphism},
  journal   = {Geometric and Functional Analysis},
  year      = 2023, 
  volume    = {33}, 
  number    = {5}, 
  pages     = {1322--1353}, 
  doi       = {10.1007/s00039-023-00644-9}, 
  url       = {https://link.springer.com/article/10.1007/s00039-023-00644-9}
}

@article{ref87,
  author    = {M. Costantini and M. Möller and J. Zachhuber},
  title     = {The Chern classes and Euler characteristic of the moduli spaces of Abelian differentials},
  journal   = {Forum of Mathematics, Pi},
  year      = 2022,
  volume    = {10},
  pages     = {e16},
  doi       = {10.1017/fmp.2022.10},
  url       = {https://doi.org/10.1017/fmp.2022.10}
}

@article{ref88,
  author    = {Taejin Paik and Otto van Koert},
  title     = {Expectation of Topological Invariants},
  journal   = {arXiv preprint arXiv:2211.12058},
  year      = {2022},
  eprint    = {2211.12058},
  archivePrefix = {arXiv},
  primaryClass = {math.GT},
  url       = {https://arxiv.org/abs/2211.12058}
}

@article{ref89,
  author    = {Stavros Garoufalidis and Seokbeom Yoon},
  title     = {Asymptotically Multiplicative Quantum Invariants},
  journal   = {arXiv preprint arXiv:2211.00270 [math.GT]},
  year      = 2023,
  note      = {31 pages, revised Jun. 2023},
  url       = {https://arxiv.org/abs/2211.00270}
}

@article{ref90,
  author    = {Daniel L{\'o}pez Neumann and Roland van der Veen},
  title     = {Genus Bounds for Twisted Quantum Invariants},
  journal   = {arXiv preprint arXiv:2211.15010},
  year      = {2022},
  url       = {https://arxiv.org/abs/2211.15010}
}

@article{ref91,
  author    = {L. Ge},
  title     = {On the almost reducibility conjecture},
  journal   = {Geometric and Functional Analysis},
  year      = 2024,
  volume    = {34},
  number    = {1},
  pages     = {32--59},
  doi       = {10.1007/s00039-024-00671-0},
  url       = {https://link.springer.com/article/10.1007/s00039-023-00353-w}
}

@article{ref92,
  author    = {T. Orponen and P. Shmerkin and H. Wang},
  title     = {Kaufman and Falconer Estimates for Radial Projections and a Continuum Version of Beck’s Theorem},
  journal   = {Geometric and Functional Analysis},
  year      = 2024, 
  volume    = {34}, 
  number    = {1}, 
  pages     = {164--201}, 
  doi       = {10.1007/s00039-023-00355-8}, 
  url       = {https://link.springer.com/article/10.1007/s00039-023-00355-8}
}

@article{ref93,
  author    = {S. Eriksson-Bique},
  title     = {Characterizing spaces satisfying Poincaré inequalities and applications to differentiability},
  journal   = {Geometric and Functional Analysis},
  year      = 2019,
  volume    = 29,
  pages     = {119--189},
  doi       = {10.1007/s00039-019-00479-3},
  url       = {https://link.springer.com/article/10.1007/s00039-019-00479-3}
}

@article{ref94,
  author    = {I. Bailleul and M. Hoshino and S. Kusuoka},
  title     = {Regularity Structures for Quasilinear Singular SPDEs},
  journal   = {Archive for Rational Mechanics and Analysis},
  year      = 2024,
  volume    = {248},
  number    = {6},
  url       = {https://link.springer.com/article/10.1007/s00205-024-01842-4}
}

@article{ref95,
  author    = {Q.-H. Nguyen and S. Nowak and M. Weidner},
  title     = {Potential Theory for Nonlocal Drift-Diffusion Equations},
  journal   = {Archive for Rational Mechanics and Analysis},
  year      = 2024,
  volume    = {248},
  number    = {6},
  url       = {https://link.springer.com/article/10.1007/s00205-024-01840-6}
}

@article{ref96,
  author    = {F. Santambrogio and G. Toshpulatov},
  title     = {Strong \(L^2 H^2\) Convergence of the JKO Scheme for the Fokker–Planck Equation},
  journal   = {Archive for Rational Mechanics and Analysis},
  year      = 2024,
  volume    = {248},
  number    = {6},
  url       = {https://link.springer.com/article/10.1007/s00205-024-01824-6}
}

@article{ref97,
  author    = {E. A. Carlen and J. Maas},
  title     = {Gradient flow and entropy inequalities for quantum Markov semigroups with detailed balance},
  journal   = {Journal of Functional Analysis},
  year      = 2017,
  volume    = {273},
  number    = {5},
  pages     = {1810--1869},
  url       = {https://www.sciencedirect.com/science/article/pii/S0022123617301878}
}

@article{ref98,
  author    = {J. Sampat and O. M. Shalit},
  title     = {On the classification of function algebras on subvarieties of noncommutative operator balls},
  journal   = {Journal of Functional Analysis},
  year      = 2025,
  volume    = 288,
  number    = 2,
  pages     = {Article 110703},
  url       = {https://www.sciencedirect.com/science/article/abs/pii/S0022123624003914}
}

@article{ref99,
  author    = {S. Pal and O. M. Shalit},
  title     = {Spectral sets and distinguished varieties in the symmetrized bidisc},
  journal   = {Journal of Functional Analysis},
  year      = 2014,
  volume    = {266},
  number    = {9},
  pages     = {5779--5800},
  url       = {https://www.sciencedirect.com/science/article/pii/S0022123613004965}
}

@article{ref100,
  author    = {J. Parcet and M. de la Salle and E. Tablate},
  title     = {The local geometry of idempotent Schur multipliers},
  journal   = {Forum of Mathematics, Pi},
  year      = 2025,
  volume    = {13},
  pages     = {e14},
  doi       = {10.1017/fmp.2025.6},
  url       = {https://doi.org/10.1017/fmp.2025.6}
}

@article{ref101,
  author    = {I. Łaba and I. Londner},
  title     = {Combinatorial and harmonic-analytic methods for integer tilings},
  journal   = {Forum of Mathematics, Pi},
  year      = {2022},
  volume    = {10},
  pages     = {e8},
  doi       = {10.1017/fmp.2022.3},
  url       = {https://doi.org/10.1017/fmp.2022.3}
}

@article{ref102,
  author    = {P. Caro and K. M. Rogers},
  title     = {Global uniqueness for the Calderón problem with Lipschitz conductivities},
  journal   = {Forum of Mathematics, Pi},
  year      = 2016, 
  volume    = {4}, 
  number    = {}, 
  pages     = {e2}, 
  doi       = {10.1017/fmp.2015.9}, 
  url       = {https://doi.org/10.1017/fmp.2015.9} 
}

@article{ref103,
  author    = {Syamantak Das and Tanmoy Paul},
  title     = {On best constrained and best simultaneous approximation in Banach spaces},
  journal   = {arXiv preprint arXiv:2505.10851 [math.FA]},
  year      = 2025,
  url       = {https://arxiv.org/abs/2505.10851}
}

@article{ref104,
  author    = {Youngmi Hur and Hyojae Lim},
  title     = {New Tight Wavelet Frame Constructions Sharing Responsibility},
  journal   = {arXiv preprint arXiv:2405.13458 [math.FA]},
  year      = {2025},
  url       = {https://arxiv.org/abs/2405.13458}
}

@article{ref105,
  author    = {Avas Banerjee and Riju Basak and Prasun Roychowdhury},
  title     = {Extremizer Stability of Higher-order Hardy-Rellich inequalities for Baouendi--Grushin vector fields},
  journal   = {arXiv preprint arXiv:2504.19864},
  year      = {2025},
  url       = {https://arxiv.org/abs/2504.19864}
}

@article{ref106,
  author    = {Y. Wang and X. Xiang and J. Lü},
  title     = {New Fractal Sets Coined from Fractional Maps},
  journal   = {Fractals},
  year      = 2021,
  volume    = {29},
  number    = {12},
  pages     = {2150270},
  url       = {https://www.worldscientific.com/doi/abs/10.1142/S0218348X21502704}
}

@article{ref107,
  author    = {Y. Yin and Z. Zhang and H. Sun},
  title     = {Fractal Operators and Fractional Dynamics with 1/2 Order in Fractal Spaces},
  journal   = {Fractal and Fractional},
  year      = 2022,
  volume    = {6},
  number    = {7},
  pages     = {378},
  url       = {https://www.mdpi.com/2504-3110/6/7/378}
}

@article{ref108,
  author    = {I. Stepanov and S. Kirillov and Y. Korolev and Y. Koroleva},
  title     = {Image Fractal Analyser as a Tool for Fractal Study of Geometrical Structures in Nature},
  journal   = {Fractals},
  year      = 2017, 
  volume    = 25, 
  number    = 2, 
  pages     = {1750009-1--1750009-15}, 
  doi       = {10.1142/S0218348X17500098}, 
  url       = {https://www.worldscientific.com/doi/abs/10.1142/S0218348X17500098}
}

@article{ref109,
  author    = {H. Sari and R. Ormarsson and Y. Yin and A. Ersson and S. K. Wilfred},
  title     = {Analysis of Fractal Character in Axial Loads of Timber Columns: Scale, Geometry, and Material Effects},
  journal   = {Fractals},
  year      = 2024,
  volume    = {32},
  number    = {1},
  pages     = {2450017-1--2450017-13},
  url       = {https://www.worldscientific.com/doi/abs/10.1142/S0218348X24500177}
}

@article{ref110,
  author    = {S. Wenger},
  title     = {Characterizations of metric spaces whose Wasserstein spaces are non-branching},
  journal   = {Acta Mathematica},
  year      = 2018,
  volume    = {220},
  number    = {2},
  pages     = {211--307},
  doi       = {10.4310/ACTA.2018.v220.n2.a1},
  url       = {https://projecteuclid.org/journals/acta-mathematica/volume-220/issue-2/Characterizations-of-metric-spaces-whose-Wasserstein-spaces-are-non-branching/10.4310/ACTA.2018.v220.n2.a1.pdf}
}

@article{ref111,
  author    = {Assaf Naor and Robert Young},
  title     = {Vertical versus horizontal Poincaré inequalities on the Heisenberg group},
  journal   = {Acta Mathematica},
  year      = 2018,
  volume    = {221},
  number    = {2},
  pages     = {363--407},
  url       = {https://projecteuclid.org/journals/acta-mathematica/volume-221/issue-2/Vertical-versus-horizontal-Poincare-inequalities-on-the-Heisenberg-group/10.4310/ACTA.2018.v221.n2.a2.pdf}
}

@article{ref112,
  author    = {Yitwah Cheung and Nicolas Chevallier},
  title     = {Hausdorff dimension of singular vectors},
  journal   = {Duke Mathematical Journal},
  year      = 2016,
  volume    = {165},
  number    = {12},
  pages     = {2273--2329},
  doi       = {10.1215/00127094-3477021},
  url       = {https://projecteuclid.org/journals/duke-mathematical-journal/volume-165/issue-12/Hausdorff-dimension-of-singular-vectors/10.1215/00127094-3477021.full}
}

@article{ref113,
  author    = {D. Dumas and H. L. Maskit},
  title     = {Polyhedrality of the Thurston norm for fibered 3-manifolds},
  journal   = {Geometry \& Topology},
  year      = 2020, 
  volume    = {24}, 
  number    = {4}, 
  pages     = {1677--1738}, 
  url       = {https://msp.org/gt/2020/24-4/p01.xhtml}
}