@article{ref1,
  author    = {Z. Weng and L. Lu and J. Chen and H. Zhang and L. Hanzo},
  title     = {Deep Learning Enabled Semantic Communications With Knowledge Graph and Knowledge Base},
  journal   = {IEEE Journal on Selected Areas in Communications},
  year      = {2023},
  volume    = {41},
  number    = {9},
  pages     = {2192--2207},
  url       = {https://ieeexplore.ieee.org/document/10038754}
}

@article{ref5,
  author    = {A. Ahmed and T. M. Nguyen and M. Elsayed},
  title     = {Deep Learning for Telecom Self-Optimized Networks},
  journal   = {IEEE Transactions on Communications},
  year      = {2023},
  volume    = {71},
  number    = {4},
  pages     = {2001--2014},
  url       = {https://ieeexplore.ieee.org/document/10811884}
}

@article{ref8,
  author    = {Y. Liu and X. Liang and P. Zhang},
  title     = {Data-Importance Aware Radio Resource Allocation},
  journal   = {IEEE Communications Letters},
  year      = {2020},
  volume    = {24},
  number    = {9},
  pages     = {2046--2050},
  url       = {https://ieeexplore.ieee.org/document/9098940}
}

@article{ref10,
  author    = {Z. Chen and M. Zhao and X. Wang},
  title     = {Robust Federated Learning for Unreliable and Resource-Constrained Wireless Networks},
  journal   = {IEEE Transactions on Wireless Communications},
  year      = {2024},
  volume    = {23},
  number    = {8},
  pages     = {9793--9809},
  url       = {https://ieeexplore.ieee.org/document/10444714/}
}

@article{ref11,
  author    = {D. Wen and B. Zhang and Y. Chen},
  title     = {Joint Parameter-and-Bandwidth Allocation for Improving Federated Learning Performance in Wireless Networks},
  journal   = {IEEE Transactions on Wireless Communications},
  year      = 2020,
  volume    = 19,
  number    = 10,
  pages     = {6780--6793},
  url       = {https://ieeexplore.ieee.org/document/9194337/}
}

@article{ref12,
  author    = {X. Shen and Y. Liu and X. Du and K. K. R. Choo},
  title     = {AI-assisted Network-slicing based Next-generation Wireless Networks},
  journal   = {IEEE Transactions on Wireless Communications},
  year      = {2020},
  volume    = {19},
  number    = {3},
  pages     = {1558--1571},
  url       = {https://ieeexplore.ieee.org/iel7/8782711/8889399/08954683.pdf}
}

@article{ref16,
  author    = {H. Zhou and W. Saad and D. Niyato},
  title     = {Large Language Model (LLM) for Telecommunications: A Comprehensive Survey on Principles, Key Techniques, and Opportunities},
  journal   = {IEEE Communications Surveys \& Tutorials},
  year      = {2024},
  volume    = {26},
  number    = {2},
  pages     = {879--913},
  url       = {https://ieeexplore.ieee.org/document/10685369/}
}

@article{ref17,
  author    = {D. Niyato},
  title     = {Editorial: Fourth Quarter 2023 IEEE Communications Surveys and Tutorials},
  journal   = {IEEE Communications Surveys \& Tutorials},
  year      = {2023}, 
  volume    = {25}, 
  number    = {4}, 
  pages     = {3456--3463}, 
  url       = {https://ieeexplore.ieee.org/document/10325334/}
}

@article{ref18,
  author    = {Dusit Niyato and et al.},
  title     = {Survey on Wireless Communications},
  journal   = {IEEE Communications Surveys \& Tutorials},
  year      = {2021},
  volume    = {23},
  number    = {1},
  pages     = {1--40},
  url       = {https://ieeexplore.ieee.org/document/9621329/}
}

@article{ref19,
  author    = {M. Simsek and A. Aijaz and M. Dohler and J. Sachs and G. Fettweis},
  title     = {5G-Enabled Tactile Internet},
  journal   = {IEEE Journal on Selected Areas in Communications},
  year      = {2016},
  volume    = {34},
  number    = {3},
  pages     = {460--473},
  url       = {https://ieeexplore.ieee.org/document/7403840/}
}

@article{ref21,
  author    = {Z. Zhao and E. J. Schiller and E. Kalogeiton and T. Braun and S. Burkhard and M. T. Garip},
  title     = {Autonomic Communications in Software-Driven Networks},
  journal   = {IEEE Journal on Selected Areas in Communications},
  year      = {2017},
  volume    = {35},
  number    = {11},
  pages     = {2431--2445},
  url       = {https://ieeexplore.ieee.org/document/8063402/}
}

@article{ref22,
  author    = {S. Aboagye and M.-S. Alouini and L. Dai},
  title     = {Multi-Band Wireless Communication Networks: Fundamentals, Challenges, and Resource Allocation},
  journal   = {IEEE Wireless Communications},
  year      = {2024},
  volume    = {31},
  number    = {5},
  pages     = {86--93},
  url       = {https://ieeexplore.ieee.org/document/10438479/}
}

@article{ref23,
  author    = {Y. Qian and H. Chen and M. Dohler},
  title     = {Beyond 5G Wireless Communication Technologies},
  journal   = {IEEE Wireless Communications},
  year      = {2022},
  volume    = {29},
  number    = {1},
  pages     = {166--172},
  url       = {https://ieeexplore.ieee.org/document/9749229/}
}

@article{ref24,
  author    = {Y. Luo and C. Yang and S. Yu},
  title     = {Recent Advances in Optical Wireless Communications for 6G Wireless Networks},
  journal   = {IEEE Wireless Communications},
  year      = {2023},
  volume    = {30},
  number    = {2},
  pages     = {58--65},
  url       = {https://ieeexplore.ieee.org/document/10325445/}
}

@article{ref25,
  author    = {F. Nisar and B. A. Rehman},
  title     = {An efficient security framework, vulnerabilities, and defense mechanisms in LoraWAN},
  journal   = {Computer and Telecommunication Engineering},
  year      = {2025},
  volume    = {3},
  number    = {2},
  pages     = {Article ID 3072},
  url       = {https://aber.apacsci.com/index.php/CTE/article/view/3072}
}

@article{ref26,
  author    = {W. S. Fujo and I. J. Al-Mousa and S. A. Hamed},
  title     = {Customer Churn Prediction in Telecommunication Industry Using Deep Learning},
  journal   = {Preprints.org},
  year      = {2024},
  volume    = {2024},
  number    = {0115},
  url       = {https://www.preprints.org/manuscript/202403.0585/v1}
}

@article{ref27,
  author    = {M. Imani},
  title     = {Comparing Traditional Machine Learning and Advanced Gradient Boosting Techniques in Customer Churn Prediction: A Telecom Industry Case Study},
  journal   = {Preprints.org},
  year      = {2024},
  volume    = {2024},
  number    = {0213},
  url       = {https://www.preprints.org/manuscript/202403.0213/v2}
}

@article{ref28,
  author    = {E. Shaaban},
  title     = {Hyperparameter Optimization and Combined Data Certainty for Customer Churn Prediction in Telecommunication Industry},
  journal   = {Preprints.org},
  year      = {2023},
  volume    = {2023},
  number    = {1478},
  url       = {https://www.preprints.org/manuscript/202308.1478/v3}
}

@article{ref32,
  author    = {Y. H. Kwon and K. J. Han and Y. S. Choi},
  title     = {Efficient network mobility support scheme for proxy mobile IPv6},
  journal   = {EURASIP Journal on Wireless Communications and Networking},
  year      = {2015},
  volume    = {2015},
  number    = {1},
  pages     = {1--14},
  doi       = {10.1186/s13638-015-0437-8},
  url       = {https://jwcn.eurasipjournals.springeropen.com/articles/10.1186/s13638-015-0437-8}
}

@article{ref34,
  author    = {R. F. Lopes},
  title     = {Performance of the modulation diversity technique for κ-μ fading channels in wireless communications},
  journal   = {EURASIP Journal on Wireless Communications and Networking},
  year      = {2013},
  volume    = {2013},
  number    = {1},
  pages     = {1--12},
  doi       = {10.1186/1687-1499-2013-17},
  url       = {https://jwcn.eurasipjournals.springeropen.com/articles/10.1186/1687-1499-2013-17}
}

@article{ref35,
  author    = {S. Pawar and L. Bommisetty and T. G. Venkatesh},
  title     = {A High Capacity Preamble Sequence for Random Access in 5G IoT Networks: Design and Analysis},
  journal   = {International Journal of Wireless Information Networks},
  year      = {2022},
  volume    = {30},
  number    = {1},
  pages     = {1-15},
  doi       = {10.1007/s10776-022-00593-x},
  url       = {https://link.springer.com/article/10.1007/s10776-022-00593-x}
}

@article{ref36,
  author    = {S. Thapaliya and P. K. Sharma},
  title     = {Cyber Forensic Investigation in IoT Using Deep Learning Based Feature Fusion in Big Data},
  journal   = {International Journal of Wireless Information Networks},
  year      = {2022},
  volume    = {30},
  number    = {1},
  pages     = {16-29},
  doi       = {10.1007/s10776-022-00588-7},
  url       = {https://link.springer.com/article/10.1007/s10776-022-00588-7}
}

@article{ref37,
  author    = {X. Ding and Y. Jin and J. Liu},
  title     = {Obstacle-Aware Fuzzy Clustering Protocol for Wireless Sensor Networks in 3D Terrain},
  journal   = {International Journal of Wireless Information Networks},
  year      = {2023},
  volume    = {30},
  number    = {1},
  pages     = {30--41},
  doi       = {10.1007/s10776-022-00595-8},
  url       = {https://link.springer.com/article/10.1007/s10776-022-00595-8}
}

@article{ref38,
  author    = {G. A. Mapunda and R. Ramogomana and L. Marata and B. Basutli and A. S. Khan and J. M. Chuma},
  title     = {Indoor Visible Light Communication: A Tutorial and Survey},
  journal   = {Wireless Communications and Mobile Computing},
  year      = {2020},
  volume    = {2020},
  pages     = {46},
  doi       = {10.1155/2020/8881305},
  url       = {https://doi.org/10.1155/2020/8881305}
}

@article{ref39,
  author    = {T. Febrianto and J. Hou and M. Shikh-Bahaei},
  title     = {Cooperative Full-Duplex Physical and MAC Layer Design in Asynchronous Cognitive Networks},
  journal   = {Wireless Communications and Mobile Computing},
  year      = {2017},
  volume    = {2017},
  pages     = {1--14},
  doi       = {10.1155/2017/8491920},
  url       = {https://doi.org/10.1155/2017/8491920}
}

@article{ref40,
  author    = {M. W. Baidas},
  title     = {A Distributed Political Coalition Formation Framework for Multi-Relay Selection in Wireless Networks},
  journal   = {Wireless Communications and Mobile Computing},
  year      = {2016},
  volume    = {16},
  number    = {4},
  pages     = {2065--2082},
  doi       = {10.1002/wcm.2763},
  url       = {https://doi.org/10.1002/wcm.2763}
}

@article{ref41,
  author    = {Y. Li and Z. Zhang and L. Wu and X. Wang},
  title     = {Real‐World Wireless Network Modeling and Optimization: Recent Advances and Challenges},
  journal   = {Chinese Journal of Electronics},
  year      = {2022},
  volume    = {31},
  number    = {2},
  pages     = {263--280},
  url       = {https://ietresearch.onlinelibrary.wiley.com/doi/abs/10.1049/cje.2022.00.191}
}

@article{ref42,
  author    = {A. Förster and F. Macabiau and D. Grouset},
  title     = {A beginner's guide to infrastructure‐less networking concepts},
  journal   = {IET Networks},
  year      = {2024},
  volume    = {13},
  number    = {1},
  pages     = {14--22},
  doi       = {10.1049/ntw2.12094},
  url       = {https://ietresearch.onlinelibrary.wiley.com/doi/10.1049/ntw2.12094}
}

@article{ref43,
  author    = {K. D. Irianto and R. Chandra},
  title     = {Partial packet in wireless networks: a review of error recovery and loss mitigation techniques},
  journal   = {IET Communications},
  year      = {2020},
  volume    = {14},
  number    = {15},
  pages     = {2396-2409},
  doi       = {10.1049/iet-com.2019.0550},
  url       = {https://ietresearch.onlinelibrary.wiley.com/doi/10.1049/iet-com.2019.0550}
}

@misc{ref44,
  author    = {L. Dai and R. Jiao and F. Adachi and H. V. Poor and L. Hanzo},
  title     = {Deep Learning for Wireless Communications: An Emerging Interdisciplinary Paradigm},
  howpublished = {Online},
  note      = {Submitted Jul. 2020},
  url       = {https://arxiv.org/abs/2007.05952},
  note      = {Accessed: 2024-06-05}
}

@misc{ref46,
  author       = {{Anonymous}},
  title        = {{Deep Learning in Wireless Communication Receiver: A Survey}},
  howpublished = {{arXiv preprint arXiv:2501.17184}},
  year         = {2025},
  url          = {https://arxiv.org/abs/2501.17184},
  note         = {Accessed: 2024-06-01}
}

@article{ref48,
  author    = {M. Li and Y. Hong and B. Chen},
  title     = {A Unified Analytical Framework for Optimal Control Problems in Network Systems},
  journal   = {IEEE Transactions on Control of Network Systems},
  year      = {2021},
  volume    = {8},
  number    = {4},
  pages     = {1645--1656},
  url       = {https://ieeexplore.ieee.org/document/9454297}
}

@article{ref49,
  author    = {T. Chen and M. Hong and Z. Su},
  title     = {Learn-and-Adapt Stochastic Dual Gradients for Network Optimization},
  journal   = {IEEE Transactions on Control of Network Systems},
  year      = {2018},
  volume    = {5},
  number    = {4},
  pages     = {1456-1467},
  url       = {https://ieeexplore.ieee.org/document/8110688}
}

@article{ref50,
  author    = {S. Nadarajah and A. A. Ciré},
  title     = {Network-Based Approximate Linear Programming for Discrete Optimization},
  journal   = {Operations Research},
  year      = {2020},
  volume    = {68},
  number    = {6},
  pages     = {1767--1786},
  doi       = {10.1287/opre.2019.1953},
  url       = {https://pubsonline.informs.org/doi/10.1287/opre.2019.1953} 
}

@article{ref51,
  author    = {D. Kuhn and P. Wiesemann and T. Georghiou},
  title     = {Wasserstein Distributionally Robust Optimization: Theory and Applications in Machine Learning},
  journal   = {Operations Research},
  year      = {2019},
  volume    = {67},
  number    = {3},
  pages     = {814--831},
  doi       = {10.1287/opre.2018.1804},
  url       = {https://pubsonline.informs.org/doi/10.1287/opre.2018.1804}
}

@article{ref52,
  author    = {E. Hanasusanto and D. Kuhn and K. N. Kallas},
  title     = {Multistage Robust Mixed-Integer Optimization with Adaptive Partitions},
  journal   = {Operations Research},
  year      = 2016,
  volume    = 64,
  number    = 4,
  pages     = {980--998},
  doi       = {10.1287/opre.2016.1515},
  url       = {https://pubsonline.informs.org/doi/10.1287/opre.2016.1515}
}

@article{ref53,
  author    = {D. D. Čvokić and Y. A. Kochetov and A. Savić},
  title     = {A variable neighborhood search algorithm for the (r|p) hub–centroid problem under the price war},
  journal   = {Journal of Global Optimization},
  year      = {2022},
  volume    = {83},
  number    = {3},
  pages     = {405--444},
  doi       = {10.1007/s10898-021-01051-2},
  url       = {https://link.springer.com/article/10.1007/s10898-021-01051-2}
}

@article{ref54,
  author    = {A. Nagurney},
  title     = {Supply chain networks, wages, and labor productivity: insights from Lagrange analysis and computations},
  journal   = {Journal of Global Optimization},
  year      = {2022},
  volume    = {83},
  number    = {3},
  pages     = {615--638},
  doi       = {10.1007/s10898-021-01084-x},
  url       = {https://link.springer.com/article/10.1007/s10898-021-01084-x}
}

@article{ref55,
  author    = {Dimitris Bertsimas},
  title     = {Global optimization via optimal decision trees},
  journal   = {Journal of Global Optimization},
  year      = {2023},
  volume    = {85},
  number    = {1},
  pages     = {1--28},
  doi       = {10.1007/s10898-023-01311-x},
  url       = {https://link.springer.com/article/10.1007/s10898-023-01311-x}
}

@article{ref56,
  author    = {A. Allibhoy},
  title     = {Optimal Network Interventions to Control the Spreading of Economic Shocks},
  journal   = {IEEE Open Journal of Control Systems},
  year      = {2022},
  url       = {https://ieeexplore.ieee.org/iel7/9552933/9712344/09854194.pdf}
}

@article{ref57,
  author    = {A. P. Dani},
  title     = {Adaptive Actor-Critic Based Optimal Regulation for Drift-Compensated Systems},
  journal   = {IEEE Open Journal of Control Systems},
  year      = {2025},
  url       = {https://ieeexplore.ieee.org/iel8/9552933/9712344/10932715.pdf}
}

@article{ref58,
  title     = {Low-Rank Gradient Descent},
  journal   = {IEEE Open Journal of Control Systems},
  year      = {2023},
  month     = {January},
  url       = {https://ieeexplore.ieee.org/iel7/9552933/9712344/10250907.pdf}
}

@article{ref60,
  author    = {H. Chen and J. Wang and L. Zhao},
  title     = {Self-Optimization of Cellular Networks Using Deep Reinforcement Learning},
  journal   = {IEEE Access},
  year      = {2021},
  volume    = {9},
  pages     = {98765--98774},
  url       = {https://ieeexplore.ieee.org/document/9700651}
}

@misc{ref64,
  author       = {I.-H. Hou},
  title        = {Network Optimization in Dynamic Systems: Fast Adaptation via Zero-Shot Lagrangian Update},
  howpublished = {arXiv preprint arXiv:2412.07865},
  year         = {2024},
  url          = {https://arxiv.org/abs/2412.07865},
  note         = {Accessed: 2024-06-15}
}

@article{ref68,
  author    = {M. Esders and J. Kauffmann and G. Montavon and W. Samek and K.-R. Müller},
  title     = {From Clustering to Cluster Explanations via Neural Networks},
  journal   = {IEEE Trans. Neural Netw. Learn. Syst.},
  year      = {2024},
  volume    = {35},
  number    = {2},
  pages     = {1926--1940},
  doi       = {10.1109/TNNLS.2023.3296841},
  url       = {https://doi.org/10.1109/TNNLS.2023.3296841}
}

@article{ref69,
  author    = {S. Song and J. Hu and W. Liang and Y. Guo and Y. Feng},
  title     = {Adaptive NN Finite-Time Resilient Control for Nonlinear Time-Delay Systems With Unknown False Data Injection and Actuator Faults},
  journal   = {IEEE Trans. Neural Netw. Learn. Syst.},
  year      = {2022},
  volume    = {33},
  number    = {10},
  pages     = {5142--5153},
  doi       = {10.1109/TNNLS.2021.3099729},
  url       = {https://doi.org/10.1109/TNNLS.2021.3099729}
}

@article{ref70,
  author    = {X. F. Liu and F. Liu and Y. S. Jeong and W. Zhuang},
  title     = {Neural Network-Based Information Transfer for Dynamic Optimization in Wireless Networks},
  journal   = {IEEE Transactions on Neural Networks and Learning Systems},
  year      = {2020},
  volume    = {31},
  number    = {5},
  pages     = {1557--1570},
  doi       = {10.1109/TNNLS.2019.2902409},
  url       = {https://doi.org/10.1109/TNNLS.2019.2902409}
}

@article{ref71,
  author    = {L. Xie and Y. Hu and Y. Chen and X. Deng},
  title     = {Networked Sensing With AI-Empowered Interference Mitigation: A Survey},
  journal   = {IEEE Journal on Selected Areas in Communications},
  year      = {2023},
  volume    = {41},
  number    = {12},
  pages     = {3863--3877},
  url       = {https://ieeexplore.ieee.org/document/10274487}
}

@article{ref73,
  author    = {J. Wang and Y. Liu and X. Li and K. Wu},
  title     = {Interplay Between RIS and AI in Wireless Communications},
  journal   = {IEEE Journal on Selected Areas in Communications},
  year      = {2021},
  volume    = {39},
  number    = {8},
  pages     = {2271--2288},
  url       = {https://ieeexplore.ieee.org/document/9451999}
}

@article{ref74,
  author    = {S. Xu and H. Wu and X. Zhang},
  title     = {AI-Driven Network Management and Optimization: A Survey},
  journal   = {Computers},
  year      = {2022},
  volume    = {11},
  number    = {2},
  pages     = {27},
  url       = {https://www.mdpi.com/2073-431X/11/2/27}
}

@article{ref75,
  author    = {J. Li and Z. Chen and Y. Wang},
  title     = {Machine Learning-Based Network Traffic Classification for AI-Driven Networking},
  journal   = {Computers},
  year      = {2020},
  volume    = {9},
  number    = {4},
  pages     = {85},
  url       = {https://www.mdpi.com/2073-431X/9/4/85}
}

@article{ref76,
  author    = {K. Nguyen and D. Kim and S. Lee},
  title     = {AI-Powered Software-Defined Networking for 5G and Beyond},
  journal   = {Computers},
  year      = {2021},
  volume    = {10},
  number    = {1},
  pages     = {18},
  url       = {https://www.mdpi.com/2073-431X/10/1/18}
}

@misc{ref77,
  author       = {I. Bhattacharjee},
  title        = {AI-Driven Routing: Transforming Network Efficiency and Resilience},
  howpublished = {Online},
  year         = {2023},
  url          = {https://www.techrxiv.org/users/894741/articles/1272672-ai-driven-routing-transforming-network-efficiency-and-resilience},
  note         = {Accessed: 2024-06-10}
}

@misc{ref78,
  author       = {M. Bennis and et al.},
  title        = {AI Integration in Open RAN: Redefining Telecom Infrastructure for 6G and Beyond},
  howpublished = {Online},
  year         = {2023},
  url          = {https://www.techrxiv.org/users/688241/articles/1249882-ai-integration-in-open-ran-redefining-telecom-infrastructure-for-6g-and-beyond},
  note         = {Accessed: 2024-06-01}
}

@misc{ref79,
  author       = {S. Hatay and M. Golec and S. Garg},
  title        = {LLM-Driven Agentic AI Approach to Enhanced O-RAN Resilience in Next-Generation Networks},
  howpublished = {Online},
  year         = {2023},
  url          = {https://www.techrxiv.org/users/793184/articles/1277868-llm-driven-agentic-ai-approach-to-enhanced-o-ran-resilience-in-next-generation-networks},
  note         = {Accessed: 2024-06-05}
}