@article{ref1,
  author    = {Kuo-Kai Lee and Wing-Kai Hon and Chung-Shou Liao and Kunihiko Sadakane and Meng-Tsung Tsai},
  title     = {Fully Dynamic No-Back-Edge-Traversal Forest via 2D-Range Queries},
  journal   = {International Journal of Computational Geometry \& Applications},
  year      = 2023,
  volume    = {33},
  number    = {1\&2},
  pages     = {43--54},
  url       = {https://dblp.org/rec/journals/ijcga/LeeHLST23}
}

@article{ref2,
  author    = {Gregory Bint and Anil Maheshwari and Michiel H. M. Smid and Subhas C. Nandy},
  title     = {Partial Enclosure Range Searching},
  journal   = {International Journal of Computational Geometry \& Applications},
  year      = {2019},
  volume    = {29},
  number    = {1},
  pages     = {73--93},
  url       = {https://dblp.org/rec/journals/ijcga/BintMSN19}
}

@article{ref3,
  author    = {Haitao Wang and Wuzhou Zhang},
  title     = {On Top-k Weighted Sum Aggregate Nearest and Farthest Neighbors in the L1 Plane},
  journal   = {International Journal of Computational Geometry \& Applications},
  year      = 2019,
  volume    = {29},
  number    = {3},
  pages     = {189--218},
  doi       = {10.1142/S0218195919500055},
  url       = {https://dblp.org/rec/journals/ijcga/0001Z19}
}

@article{ref4,
  author    = {Ralf Hartmut Güting and Suvam Kumar Das and Fabio Valdés and Suprio Ray},
  title     = {Exact Trajectory Similarity Search With N-tree: An Efficient Metric Index for kNN and Range Queries},
  journal   = {ACM Transactions on Spatial Algorithms and Systems},
  year      = 2025,
  volume    = {11},
  number    = {1},
  pages     = {5:1--5:54},
  doi       = {10.1145/3716825},
  url       = {https://dblp.org/rec/journals/tsas/GutingDVR25}
}

@article{ref5,
  author    = {H. Wang and Q. Zeng},
  title     = {Unit-disk range searching and applications},
  journal   = {Journal of Computational Geometry},
  year      = 2021,
  volume    = 12,
  number    = 1,
  pages     = {381--417},
  url       = {https://jocg.org/index.php/jocg/article/view/4015}
}

@article{ref6,
  author    = {S. Rahul},
  title     = {Approximate range counting revisited},
  journal   = {Journal of Computational Geometry},
  year      = {2021},
  volume    = {12},
  number    = {1},
  pages     = {183-212},
  url       = {https://jocg.org/index.php/jocg/article/view/3153}
}

@article{ref7,
  author    = {Jie Xue and Yuan Li and Saladi Rahul and Ravi Janardan},
  title     = {Searching for the closest-pair in a query translate},
  journal   = {Journal of Computational Geometry},
  year      = {2020},
  volume    = {11},
  number    = {2},
  pages     = {1--33},
  doi       = {10.20382/jocg.v11i2a3},
  url       = {https://jocg.org/index.php/jocg/article/view/3118}
}

@article{ref8,
  author    = {H. Yepdjio Nkouanga and S. Vajda},
  title     = {Optimization Strategies for the k-Nearest Neighbor Classifier},
  journal   = {SN Computer Science},
  year      = 2023,
  volume    = {4},
  number    = {47},
  doi       = {10.1007/s42979-022-01469-3},
  url       = {https://doi.org/10.1007/s42979-022-01469-3}
}

@article{ref9,
  author    = {Nijaguna Gollara Siddappa and Thippeswamy Kampalappa},
  title     = {Imbalance Data Classification Using Local Mahalanobis Distance Learning Based on Nearest Neighbor},
  journal   = {SN Computer Science},
  year      = 2020,
  volume    = {1},
  number    = {76},
  doi       = {10.1007/s42979-020-0085-x},
  url       = {https://doi.org/10.1007/s42979-020-0085-x}
}

@article{ref10,
  author    = {Obraczka, Daniel and Rahm, Erhard},
  title     = {Fast Hubness-Reduced Nearest Neighbor Search for Entity Alignment in Knowledge Graphs},
  journal   = {SN Computer Science},
  year      = 2022, 
  volume    = 3, 
  number    = 6, 
  pages     = {501}, 
  doi       = {10.1007/s42979-022-01417-1}, 
  url       = {https://link.springer.com/article/10.1007/s42979-022-01417-1}
}

@article{ref11,
  author    = {Magdalen Dobson Manohar and Taekseung Kim and Guy E. Blelloch},
  title     = {Range Retrieval with Graph-Based Indices},
  journal   = {arXiv preprint arXiv:2502.13245},
  year      = {2025},
  url       = {https://arxiv.org/abs/2502.13245}
}

@article{ref12,
  author    = {Anqi Liang and Pengcheng Zhang and Bin Yao and Zhongpu Chen and Yitong Song and Guangxu Cheng},
  title     = {UNIFY: Unified Index for Range Filtered Approximate Nearest Neighbors Search},
  journal   = {arXiv preprint arXiv:2412.02448},
  year      = 2024,
  url       = {https://arxiv.org/abs/2412.02448}
}

@article{ref13,
  author    = {Dimitris Fotakis and Andreas Kalavas and Ioannis Psarros},
  title     = {A Query-Driven Approach to Space-Efficient Range Searching},
  journal   = {arXiv preprint arXiv:2502.13653},
  year      = {2025},
  url       = {https://arxiv.org/abs/2502.13653}
}

@article{ref14,
  author    = {G. O. Campos and A. Zimek and J. Sander and R. J. G. B. Campello and B. Micenková and E. Schubert and I. Assent and M. E. Houle},
  title     = {On the evaluation of unsupervised outlier detection: measures, datasets, and an empirical study},
  journal   = {Data Mining and Knowledge Discovery},
  year      = 2016,
  volume    = 30,
  number    = 4,
  pages     = {891--927},
  doi       = {10.1007/s10618-015-0444-8},
  url       = {https://doi.org/10.1007/s10618-015-0444-8}
}

@article{ref15,
  author    = {Yaru Chen and Jie Zhou and Xinglong Luo},
  title     = {An improved density peaks clustering based on sparrow search algorithm},
  journal   = {Cluster Computing},
  year      = 2024, 
  volume    = {27}, 
  number    = {8}, 
  pages     = {11017--11037}, 
  doi       = {10.1007/s10586-024-04384-9}, 
  url       = {https://doi.org/10.1007/s10586-024-04384-9}
}

@article{ref16,
  author    = {Luyao Chang and Fan Li and Xinzheng Niu and Jiahui Zhu},
  title     = {On an improved clustering algorithm based on node density for WSN routing protocol},
  journal   = {Cluster Computing},
  year      = 2022,
  volume    = 25,
  number    = 4,
  pages     = {3005--3017},
  doi       = {10.1007/s10586-022-03544-z},
  url       = {https://doi.org/10.1007/s10586-022-03544-z}
}

@article{ref17,
  author    = {Zainab Iftikhar and Adeel Anjum and Abid Khan and Munam Ali Shah and Gwanggil Jeon},
  title     = {Privacy preservation in the internet of vehicles using local differential privacy and IOTA ledger},
  journal   = {Cluster Computing},
  year      = 2023,
  volume    = {26},
  pages     = {3361--3377},
  doi       = {10.1007/s10586-023-04002-0},
  url       = {https://doi.org/10.1007/s10586-023-04002-0}
}

@article{ref18,
  author    = {A. Rachwał and A. Popławska and M. Borys},
  title     = {Determining the Quality of a Dataset in Clustering Terms},
  journal   = {Applied Sciences},
  year      = 2023,
  volume    = 13,
  number    = 5,
  pages     = {1--22},
  doi       = {10.3390/app13052942},
  url       = {https://doi.org/10.3390/app13052942}
}

@article{ref19,
  author    = {Y. Liu and J. Ding and H. Wang and Y. Du},
  title     = {A Clustering Algorithm Based on the Detection of Density Peaks and the Interaction Degree Between Clusters},
  journal   = {Applied Sciences},
  year      = 2025, 
  volume    = 15, 
  number    = 7, 
  pages     = {1--19}, 
  doi       = {10.3390/app15073612}, 
  url       = {https://doi.org/10.3390/app15073612}
}

@article{ref20,
  author    = {S. Song and X. Liang},
  title     = {Federated Pseudo-Sample Clustering Algorithm: A Label-Personalized Federated Learning Scheme Based on Image Clustering},
  journal   = {Applied Sciences},
  year      = 2024,
  volume    = {14},
  number    = {6},
  pages     = {1--18},
  doi       = {10.3390/app14062345},
  url       = {https://doi.org/10.3390/app14062345}
}

@article{ref21,
  author    = {H. Yin and A. Aryani and S. Petrie and A. Nambissan and A. Astudillo and S. Cao},
  title     = {A Rapid Review of Clustering Algorithms},
  journal   = {arXiv preprint arXiv:2401.07389},
  year      = {2024},
  url       = {https://arxiv.org/abs/2401.07389}
}

@article{ref22,
  author    = {S. Zhou and H. Xu and Z. Zheng and J. Chen and Z. Li and J. Bu and J. Wu and X. Wang and W. Zhu and M. Ester},
  title     = {A Comprehensive Survey on Deep Clustering: Taxonomy, Challenges, and Future Directions},
  journal   = {arXiv preprint arXiv:2206.07579},
  year      = {2022},
  url       = {https://arxiv.org/abs/2206.07579}
}

@inproceedings{ref23,
  author    = {V. Cohen-Addad and B. Guedj and V. Kanade and G. Rom},
  title     = {Online k-means Clustering},
  booktitle = {Proceedings of the 24th International Conference on Artificial Intelligence and Statistics (AISTATS)},
  series    = {Proceedings of Machine Learning Research},
  volume    = {130},
  pages     = {1126--1134},
  year      = {2021},
  url       = {https://arxiv.org/abs/1909.06861}
}

@article{ref24,
  author    = {Naveen Donthu and Satish Kumar and Nitesh Pandey and Prashant Gupta},
  title     = {Forty years of the International Journal of Information Management: A bibliometric analysis},
  journal   = {International Journal of Information Management},
  year      = 2021,
  volume    = 57,
  pages     = {102307},
  doi       = {10.1016/j.ijinfomgt.2020.102307},
  url       = {https://doi.org/10.1016/j.ijinfomgt.2020.102307}
}

@article{ref25,
  author    = {Imran Ali and Maria Balta and Thanos Papadopoulos},
  title     = {Social media platforms and social enterprise: Bibliometric analysis and systematic review},
  journal   = {International Journal of Information Management},
  year      = 2023,
  volume    = {69},
  number    = {},
  pages     = {},
  doi       = {10.1016/j.ijinfomgt.2022.102510},
  url       = {https://doi.org/10.1016/j.ijinfomgt.2022.102510}
}

@article{ref26,
  author    = {N. Tonellotto and C. Macdonald and I. Ounis},
  title     = {Efficient Query Processing for Scalable Web Search},
  journal   = {Foundations and Trends{\textregistered} in Information Retrieval},
  year      = 2018,
  volume    = {12},
  number    = {4--5},
  pages     = {319--500},
  url       = {https://www.nowpublishers.com/article/Details/INR-057}
}

@article{ref27,
  author    = {R. Zanibbi and B. Mansouri and A. Agarwal},
  title     = {Mathematical Information Retrieval: Search and Question Answering},
  journal   = {Foundations and Trends{\textregistered} in Information Retrieval},
  year      = 2025,
  volume    = {19},
  number    = {1--2},
  pages     = {1--190},
  url       = {https://www.nowpublishers.com/article/Details/INR-095}
}

@article{ref28,
  author    = {R. Reinanda and E. Meij and M. de Rijke},
  title     = {Knowledge Graphs: An Information Retrieval Perspective},
  journal   = {Foundations and Trends{\textregistered} in Information Retrieval},
  year      = 2020, 
  volume    = 14, 
  number    = 4, 
  pages     = {289--444}, 
  url       = {https://www.nowpublishers.com/article/Details/INR-063}
}

@article{ref29,
  author    = {Yifan Qiao and Shiyu Ji and Changhai Wang and Jinjin Shao and Tao Yang},
  title     = {Privacy-aware document retrieval with two-level inverted indexing},
  journal   = {Information Retrieval Journal},
  year      = {2023},
  volume    = {26},
  number    = {},
  pages     = {},
  doi       = {10.1007/s10791-023-09428-z},
  url       = {https://link.springer.com/article/10.1007/s10791-023-09428-z}
}

@article{ref30,
  author    = {T. Gagie and A. Hartikainen and K. Karhu and J. Kärkkäinen and G. Navarro and S. J. Puglisi and J. Sirén},
  title     = {Document retrieval on repetitive string collections},
  journal   = {Information Retrieval Journal},
  year      = 2017,
  volume    = {20},
  pages     = {273--303},
  doi       = {10.1007/s10791-017-9297-7},
  url       = {https://doi.org/10.1007/s10791-017-9297-7}
}

@article{ref31,
  author    = {J. Lin and A. Trotman},
  title     = {The role of index compression in score-at-a-time query evaluation},
  journal   = {Information Retrieval Journal},
  year      = 2017,
  volume    = {20},
  pages     = {274--314},
  doi       = {10.1007/s10791-016-9291-5},
  url       = {https://doi.org/10.1007/s10791-016-9291-5}
}

@article{ref32,
  author    = {Xingyan Bin and Jianfei Cui and Wujie Yan and Zhichen Zhao and Xintian Han and Chongyang Yan and Feng Zhang and Xun Zhou and Qi Wu and Zuotao Liu},
  title     = {Real-time Indexing for Large-scale Recommendation by Streaming Vector Quantization Retriever},
  journal   = {arXiv preprint arXiv:2501.08695},
  year      = {2024},
  pages     = {1--20},
  url       = {https://arxiv.org/abs/2501.08695}
}

@article{ref33,
  author    = {Liyang Sun and Yujing Wang and Zejian Wang and Xinyi Wu and Xiangming Dou and Jinji Li and Yicheng Bai and Xuerui Wang and Weinan Zhang and Yong Yu and Zhenguo Li},
  title     = {The Disruption Index Measures Displacement Between a Paper and Its Citations},
  journal   = {arXiv preprint arXiv:2504.04677},
  year      = {2024},
  url       = {https://arxiv.org/abs/2504.04677}
}

@article{ref34,
  author    = {Kiyonari Kobayashi and Shusuke Shimbo and Yuji Matsumoto},
  title     = {Resource-Efficient Index Advisor Utilizing Large Language Model},
  journal   = {arXiv preprint arXiv:2503.07884},
  year      = 2024,
  url       = {https://arxiv.org/abs/2503.07884}
}

@article{ref35,
  author    = {H. Wei and P. Li and H. Gao and C. Wang},
  title     = {String Similarity Search: A Hash-Based Approach},
  journal   = {IEEE Transactions on Knowledge and Data Engineering},
  year      = 2017, 
  volume    = 29, 
  number    = 7, 
  pages     = {1371--1385}, 
  doi       = {10.1109/TKDE.2017.2692024}, 
  url       = {https://ieeexplore.ieee.org/document/8051071}
}

@article{ref36,
  author    = {H. Wang and J. Zhang and Y. Wei and Y. Wang and X. Zhang and J. Pei},
  title     = {Neural Similarity Search on Supergraph Containment},
  journal   = {IEEE Transactions on Knowledge and Data Engineering},
  year      = 2023,
  volume    = {35},
  number    = {11},
  pages     = {11200--11214},
  doi       = {10.1109/TKDE.2023.3279920},
  url       = {https://ieeexplore.ieee.org/document/10135129/}
}

@article{ref37,
  author    = {D. Zhang and Y. Huang and H. Wang and D. Yang and Z. He and J. Xu},
  title     = {Continuous Trajectory Similarity Search for Online Outlier Detection},
  journal   = {IEEE Transactions on Knowledge and Data Engineering},
  year      = 2021,
  volume    = 33,
  number    = 10,
  pages     = {3405--3419},
  doi       = {10.1109/TKDE.2020.3046670},
  url       = {https://ieeexplore.ieee.org/document/9306918/}
}

@article{ref38,
  author    = {J. Zhang and J. Tang and C. Ma and X. Chen and Y. Liu and J. Li},
  title     = {Fast and Flexible Top-k Similarity Search on Large Networks},
  journal   = {ACM Transactions on Information Systems},
  year      = {2018},
  volume    = {36},
  number    = {2},
  pages     = {14:1--14:34},
  doi       = {10.1145/3086695},
  url       = {https://dl.acm.org/doi/10.1145/3086695}
}

@article{ref39,
  author    = {S. Wang and L. Qin and J. X. Yu and R. Jin and L. Chang},
  title     = {Continuously Adaptive Similarity Search},
  journal   = {ACM Transactions on Information Systems},
  year      = 2020,
  volume    = {38},
  number    = {3},
  pages     = {28:1--28:28},
  url       = {https://dl.acm.org/doi/10.1145/3318464.3380601}
}

@article{ref40,
  author    = {J. Li and B. He and D. Wang},
  title     = {A Scalable Random-Walk-Based Network Embedding Algorithm with Local Structural Information},
  journal   = {Journal of Artificial Intelligence Research},
  year      = 2021,
  volume    = {71},
  pages     = {651--683},
  url       = {https://jair.org/index.php/jair/article/view/12567/26689}
}

@article{ref41,
  author    = {A. Koudounas and C. Papagiannopoulou and L. Rokach and S. Papadopoulos},
  title     = {Gradient-based Learning Methods Extended to Similarity-Based Models for Large-Scale Data},
  journal   = {Journal of Artificial Intelligence Research},
  year      = 2020,
  volume    = {69},
  pages     = {1209--1247},
  url       = {https://jair.org/index.php/jair/article/view/12192/26600}
}

@article{ref42,
  author    = {Jorge Martinez-Gil},
  title     = {Evaluation of Code Similarity Search Strategies in Large-Scale Codebases},
  journal   = {Machine Learning with Applications},
  year      = {2022},
  volume    = {10},
  pages     = {100423},
  url       = {https://www.sciencedirect.com/science/article/pii/S2666827022000868}
}

@article{ref43,
  author    = {Muhammad Umair Hassan and Xiuyang Zhao and Raheem Sarwar and Naif R. Aljohani and S. M. M. Rahman and K. Muhammad and M. A. Raza},
  title     = {SODRet: Instance retrieval using salient object detection for self-service shopping},
  journal   = {Machine Learning with Applications},
  year      = {2024}, 
  volume    = {15}, 
  number    = {}, 
  pages     = {100523}, 
  url       = {https://www.sciencedirect.com/science/article/pii/S2666827023000762}
}

@article{ref44,
  author    = {Jean Bertin},
  title     = {Advancing Similarity Search with GenAI: A Retrieval Augmented Generation Approach},
  journal   = {arXiv preprint arXiv:2501.04006 [cs.IR]},
  year      = {2024},
  month     = {Dec},
  url       = {https://arxiv.org/abs/2501.04006}
}

@article{ref45,
  author    = {Simeon Emanuilov and Aleksandar Dimov},
  title     = {Billion-scale Similarity Search Using a Hybrid Indexing Approach with Advanced Filtering},
  journal   = {Cybernetics and Information Technologies},
  year      = 2024,
  volume    = {24},
  number    = {4},
  pages     = {45--58},
  doi       = {10.2478/cait-2024-0035},
  url       = {https://arxiv.org/abs/2501.13442}
}

@article{ref46,
  author    = {Patrick Schäfer and Jakob Brand and Ulf Leser and Botao Peng and Themis Palpanas},
  title     = {Fast and Exact Similarity Search in less than a Blink of an Eye},
  journal   = {arXiv preprint arXiv:2411.17483},
  year      = 2024,
  month     = dec,
  url       = {https://arxiv.org/abs/2411.17483}
}

@article{ref47,
  author    = {S. Ray and B. Nickerson},
  title     = {Temporally relevant parallel top-k spatial keyword search},
  journal   = {Journal of Spatial Information Science},
  year      = 2022,
  number    = {24},
  pages     = {1--36},
  url       = {https://josis.org/index.php/josis/article/view/199}
}

@article{ref48,
  author    = {M. F. Mokbel},
  title     = {Thinking spatial},
  journal   = {Journal of Spatial Information Science},
  year      = {2020},
  number    = {21},
  pages     = {3--11},
  url       = {https://josis.org/index.php/josis/article/view/128}
}

@article{ref49,
  author    = {Majid Hojati and Rob Feick and Steven Roberts and Carson Farmer and Colin Robertson},
  title     = {Distributed spatial data sharing: a new model for data ownership and access control},
  journal   = {Journal of Spatial Information Science},
  year      = 2023,
  volume    = {2023},
  number    = {27},
  pages     = {1--26},
  doi       = {10.5311/JOSIS.2023.27.220},
  url       = {https://josis.org/index.php/josis/article/view/220}
}

@article{ref50,
  author    = {S. Ladra and M. Rodríguez Luaces and J. R. Parama and F. Silva-Coira},
  title     = {Compact and indexed representation for LiDAR point clouds},
  journal   = {International Journal of Geographical Information Science},
  year      = 2024, 
  volume    = 27, 
  number    = 4, 
  pages     = {1035--1070}, 
  doi       = {10.1080/10095020.2022.2121664}, 
  url       = {https://www.tandfonline.com/doi/full/10.1080/10095020.2022.2121664}
}

@article{ref51,
  author    = {A. Chaves Carniel},
  title     = {Defining and designing spatial queries: the role of spatial relationships},
  journal   = {Geo-spatial Information Science},
  year      = 2024,
  volume    = {27},
  number    = {6},
  pages     = {1868--1892},
  url       = {https://www.tandfonline.com/doi/full/10.1080/10095020.2022.2163924}
}

@article{ref52,
  author    = {Y. Li and R. Zhang and Q. Ma and J. Song and B. Zhang and M. Bai and W. Wang and Y. Li},
  title     = {CSD-RkNN: reverse k nearest neighbors queries with category-sensitive distance},
  journal   = {International Journal of Geographical Information Science},
  year      = 2023,
  volume    = 37,
  number    = 8,
  pages     = {1709--1730},
  doi       = {10.1080/13658816.2023.2249521},
  url       = {https://www.tandfonline.com/doi/abs/10.1080/13658816.2023.2249521}
}

@article{ref53,
  author    = {Vrotsou, Katerina and Fuchs, Georg and Andrienko, Natalia and Andrienko, Gennady},
  title     = {An Interactive Approach for Exploration of Flows Through Direction-Based Filtering},
  journal   = {Journal of Geovisualization and Spatial Analysis},
  year      = {2017},
  volume    = {1},
  number    = {1},
  pages     = {1--21},
  doi       = {10.1007/s41651-017-0001-7},
  url       = {https://link.springer.com/article/10.1007/s41651-017-0001-7}
}

@article{ref54,
  author    = {V. Pandey and A. van Renen and E. T. Zacharatou and A. Kipf and I. Sabek and J. Ding and V. Markl and A. Kemper},
  title     = {Enhancing In-Memory Spatial Indexing with Learned Search},
  journal   = {arXiv preprint arXiv:2309.06354},
  year      = 2023,
  url       = {https://arxiv.org/abs/2309.06354}
}

@article{ref55,
  author    = {S. Shaham and G. Ghinita and C. Shahabi},
  title     = {Fair Spatial Indexing: A paradigm for Group Spatial Fairness},
  journal   = {arXiv preprint arXiv:2302.02306},
  year      = {2023},
  url       = {https://arxiv.org/abs/2302.02306}
}

@article{ref56,
  author    = {M. Lawson and W. Gropp and J. Lofstead},
  title     = {Exploring Spatial Indexing for Accelerated Feature Retrieval in HPC},
  journal   = {arXiv preprint arXiv:2106.13972},
  year      = 2021,
  url       = {https://arxiv.org/abs/2106.13972}
}

@article{ref57,
  author    = {Abhinav Natarajan and Maria De Iorio and Andreas Heinecke and Emanuel Mayer and Simon Glenn},
  title     = {Cohesion and Repulsion in Bayesian Distance Clustering},
  journal   = {Journal of the American Statistical Association},
  year      = 2024, 
  volume    = 119, 
  number    = 546, 
  pages     = {1374--1384}, 
  doi       = {10.1080/01621459.2023.2191821}, 
  url       = {https://doi.org/10.1080/01621459.2023.2191821}
}

@article{ref58,
  author    = {Qing Mai and Xin Zhang and Yuqing Pan and Kai Deng},
  title     = {A Doubly Enhanced EM Algorithm for Model-Based Tensor Clustering},
  journal   = {Journal of the American Statistical Association},
  year      = {2022},
  volume    = {117},
  number    = {540},
  pages     = {2120--2134},
  doi       = {10.1080/01621459.2021.1904959},
  url       = {https://doi.org/10.1080/01621459.2021.1904959}
}

@article{ref59,
  author    = {A. Adolfsson and M. Ackerman and N. C. Brownstein},
  title     = {To cluster, or not to cluster: An analysis of clusterability methods},
  journal   = {Pattern Recognition},
  year      = 2019,
  volume    = {88},
  pages     = {13--26},
  doi       = {10.1016/j.patcog.2018.10.026},
  url       = {https://doi.org/10.1016/j.patcog.2018.10.026}
}

@article{ref60,
  author    = {N. Wiroonsri},
  title     = {Clustering performance analysis using a new correlation-based cluster validity index},
  journal   = {Pattern Recognition},
  year      = {2024},
  volume    = {145},
  pages     = {109910},
  doi       = {10.1016/j.patcog.2023.109910},
  url       = {https://doi.org/10.1016/j.patcog.2023.109910}
}

@article{ref61,
  author    = {Y. Pang and X. Zhou and J. Zhang and Q. Sun and J. Zheng},
  title     = {Hierarchical electricity time series prediction with cluster analysis and sparse penalty},
  journal   = {Pattern Recognition},
  year      = {2022},
  volume    = {126},
  pages     = {108599},
  doi       = {10.1016/j.patcog.2022.108599},
  url       = {https://doi.org/10.1016/j.patcog.2022.108599}
}

@article{ref62,
  author    = {J. Yang and C.-T. Lin},
  title     = {Autonomous clustering by fast find of mass and distance peaks},
  journal   = {IEEE Transactions on Pattern Analysis and Machine Intelligence},
  year      = 2025,
  volume    = {47},
  number    = {1},
  pages     = {1-14},
  doi       = {10.1109/TPAMI.2025.40031325},
  url       = {https://ieeexplore.ieee.org/document/10856563}
}

@article{ref63,
  author    = {Nathan Phelps and Adam Metzler},
  title     = {An exploratory clustering analysis of the 2016 National Financial Well-Being Survey},
  journal   = {PLOS ONE},
  year      = 2024,
  volume    = {19},
  number    = {9},
  pages     = {e0309260},
  doi       = {10.1371/journal.pone.0309260},
  url       = {https://journals.plos.org/plosone/article?id=10.1371/journal.pone.0309260}
}

@article{ref64,
  author    = {M. Z. Rodriguez and C. H. Comin and D. Casanova and O. M. Bruno and D. R. Amancio and L. da F. Costa and F. A. Rodrigues},
  title     = {Clustering algorithms: A comparative approach},
  journal   = {PLoS ONE},
  year      = 2019,
  volume    = {14},
  number    = {1},
  pages     = {e0210236},
  doi       = {10.1371/journal.pone.0210236},
  url       = {https://journals.plos.org/plosone/article?id=10.1371/journal.pone.0210236}
}

@article{ref65,
  author    = {E. J. Aguilar and V. C. Barbosa},
  title     = {Shape complexity in cluster analysis},
  journal   = {PLoS ONE},
  year      = 2023, 
  volume    = {18}, 
  number    = {5}, 
  pages     = {e0286312}, 
  url       = {https://journals.plos.org/plosone/article?id=10.1371/journal.pone.0286312}
}

@article{ref66,
  author    = {Z. Gniazdowski},
  title     = {New Approach to Clustering Random Attributes},
  journal   = {Zeszyty Naukowe WWSI},
  year      = 2024, 
  volume    = {19}, 
  number    = {31}, 
  pages     = {41-90}, 
  doi       = {10.48550/arXiv.2412.09748}, 
  url       = {https://arxiv.org/abs/2412.09748}
}

@article{ref67,
  author    = {J. Paparrizos and F. Yang and H. Li},
  title     = {Bridging the Gap: A Decade Review of Time-Series Clustering Methods},
  journal   = {arXiv preprint arXiv:2412.20582},
  year      = 2024,
  url       = {https://arxiv.org/abs/2412.20582}
}

@article{ref68,
  author    = {A. J. Gallego and J. R. Rico-Juan and J. J. Valero-Mas},
  title     = {Efficient k-nearest neighbor search based on clustering and adaptive k values},
  journal   = {Pattern Recognition},
  year      = 2022, 
  volume    = {122}, 
  pages     = {108356}, 
  doi       = {10.1016/j.patcog.2021.108356}, 
  url       = {https://doi.org/10.1016/j.patcog.2021.108356}
}

@article{ref69,
  author    = {B. Tang and H. He and S. Zhang},
  title     = {MCENN: A variant of extended nearest neighbor method for pattern recognition},
  journal   = {Pattern Recognition Letters},
  year      = 2020, 
  volume    = {133}, 
  pages     = {116--122}, 
  doi       = {10.1016/j.patrec.2020.01.015}, 
  url       = {https://doi.org/10.1016/j.patrec.2020.01.015}
}

@article{ref70,
  author    = {Y. Zhang and M. Xiang and B. Yang},
  title     = {Graph regularized nonnegative sparse coding using incoherent dictionary for approximate nearest neighbor search},
  journal   = {Pattern Recognition},
  year      = 2017,
  volume    = {70},
  pages     = {75--88},
  month     = {Oct.},
  doi       = {10.1016/j.patcog.2017.05.004},
  url       = {https://doi.org/10.1016/j.patcog.2017.05.004}
}

@article{ref71,
  author    = {S. Uddin and I. Haque and H. Lu and M. A. Moni and E. Gide},
  title     = {Comparative performance analysis of K-nearest neighbour (KNN) algorithm and its different variants for disease prediction},
  journal   = {Scientific Reports},
  year      = {2022},
  volume    = {12},
  number    = {},
  pages     = {},
  url       = {https://www.nature.com/articles/s41598-022-10358-x}
}

@article{ref72,
  author    = {Amjad Ali and Zardad Khan and Hailiang Du and Saeed Aldahmani},
  title     = {Double weighted k nearest neighbours for binary classification of high dimensional genomic data},
  journal   = {Scientific Reports},
  year      = {2025},
  volume    = {15},
  pages     = {12681},
  doi       = {10.1038/s41598-025-97505-2},
  url       = {https://www.nature.com/articles/s41598-025-97505-2}
}

@article{ref73,
  author    = {R. K. Halder and M. N. Uddin and M. A. Uddin and S. Aryal and A. Khraisat},
  title     = {Enhancing K-nearest neighbor algorithm: a comprehensive review and performance analysis of modifications},
  journal   = {Journal of Big Data},
  year      = 2024,
  volume    = {11},
  number    = {1},
  articleno = {113},
  url       = {https://journalofbigdata.springeropen.com/articles/10.1186/s40537-024-00973-y}
}

@article{ref74,
  author    = {A. A. Amer and S. D. Ravana and R. A. A. Habeeb},
  title     = {Effective k-nearest neighbor models for data classification enhancement},
  journal   = {Journal of Big Data},
  year      = 2025,
  volume    = {12},
  number    = {},
  pages     = {},
  doi       = {},
  url       = {https://journalofbigdata.springeropen.com/articles/10.1186/s40537-025-01137-2}
}

@article{ref75,
  author    = {Georgios Chatzigeorgakidis and Sophia Karagiorgou and Spiros Athanasiou and Spiros Skiadopoulos},
  title     = {FML-kNN: scalable machine learning on Big Data using k-nearest neighbor joins},
  journal   = {Journal of Big Data},
  year      = {2018},
  volume    = {5},
  number    = {},
  pages     = {4},
  doi       = {10.1186/s40537-018-0115-x},
  url       = {https://journalofbigdata.springeropen.com/articles/10.1186/s40537-018-0115-x}
}

@article{ref76,
  author    = {Sarita de Berg and Frank Staals},
  title     = {Nearest Neighbor Searching in a Dynamic Simple Polygon},
  journal   = {arXiv preprint arXiv:2503.03435},
  year      = 2025,
  pages     = {22},
  url       = {https://arxiv.org/abs/2503.03435}
}

@article{ref77,
  author    = {Xiaoyao Zhong and Haotian Li and Jiabao Jin and Mingyu Yang and Deming Chu and Xiangyu Wang and Zhitao Shen and Wei Jia and George Gu and Yi Xie and Xuemin Lin and Heng Tao Shen and Jingkuan Song and Peng Cheng},
  title     = {VSAG: An Optimized Search Framework for Graph-based Approximate Nearest Neighbor Search},
  journal   = {arXiv preprint arXiv:2503.17911},
  year      = {2025},
  pages     = {16},
  url       = {https://arxiv.org/abs/2503.17911}
}

@article{ref78,
  author    = {Mingyu Yang and Wentao Li and Wei Wang},
  title     = {Fast High-dimensional Approximate Nearest Neighbor Search with Efficient Index Time and Space},
  journal   = {arXiv preprint arXiv:2411.06158},
  year      = 2025,
  pages     = {8},
  url       = {https://arxiv.org/abs/2411.06158}
}

@article{ref79,
  author    = {Jean-Daniel Boissonnat and Karthik C. S. and S{\'e}bastien Tavenas},
  title     = {Building Efficient and Compact Data Structures for Simplicial Complexes},
  journal   = {Algorithmica},
  year      = 2017, 
  volume    = {79}, 
  number    = {2}, 
  pages     = {530--567}, 
  doi       = {10.1007/s00453-017-0373-8}, 
  url       = {https://doi.org/10.1007/s00453-017-0373-8} 
}

@article{ref80,
  author    = {Alberto Policriti and Nicola Prezza},
  title     = {LZ77 Computation Based on the Run-Length Encoded BWT},
  journal   = {Algorithmica},
  year      = 2018,
  volume    = {80},
  number    = {7},
  pages     = {1986--2011},
  doi       = {10.1007/s00453-017-0379-2},
  url       = {https://doi.org/10.1007/s00453-017-0379-2}
}

@article{ref81,
  author    = {Johannes Fischer and Tomohiro I and Dominik K\"oppl and Kunihiko Sadakane},
  title     = {Lempel-Ziv Factorization Powered by Space Efficient Suffix Trees},
  journal   = {Algorithmica},
  year      = {2018},
  volume    = {80},
  number    = {7},
  pages     = {2048--2081},
  doi       = {10.1007/s00453-017-0354-y},
  url       = {https://doi.org/10.1007/s00453-017-0354-y}
}

@article{ref82,
  author    = {Huacheng Yu},
  title     = {Nearly Optimal Static Las Vegas Succinct Dictionary},
  journal   = {SIAM Journal on Computing},
  year      = {2022}, 
  volume    = {51}, 
  number    = {3}, 
  pages     = {174--249}, 
  doi       = {10.1137/20M1363649}, 
  url       = {https://epubs.siam.org/doi/10.1137/20M1363649} 
}

@article{ref83,
  author    = {Kasper Green Larsen and Omri Weinstein and Huacheng Yu},
  title     = {Crossing the Logarithmic Barrier for Dynamic Boolean Data Structure Lower Bounds},
  journal   = {SIAM Journal on Computing},
  year      = {2020}, 
  volume    = {49}, 
  number    = {5}, 
  doi       = {10.1137/18M1198429}, 
  url       = {https://dblp.org/rec/journals/siamcomp/LarsenWY20}
}

@article{ref84,
  author    = {Sayan Bhattacharya and Monika Henzinger and Giuseppe F. Italiano},
  title     = {Deterministic Fully Dynamic Data Structures for Vertex Cover and Matching},
  journal   = {SIAM Journal on Computing},
  year      = 2018,
  volume    = {47},
  number    = {3},
  pages     = {859--887},
  url       = {https://dblp.org/rec/journals/siamcomp/BhattacharyaHI18}
}

@article{ref85,
  author    = {Z. Yuan and C. L. Philip Chen},
  title     = {Forgetful Forests: Data Structures for Machine Learning on Data Streams with Incremental Computation and Filtering},
  journal   = {Algorithms},
  year      = 2023,
  volume    = {16},
  number    = {6},
  pages     = {278},
  doi       = {10.3390/algorithms16060278},
  url       = {https://www.mdpi.com/1999-4893/16/6/278}
}

@article{ref86,
  author    = {M. Aleksandrov and P. J. Prentice and F. Wereszczuk},
  title     = {Voxelisation Algorithms and Data Structures: A Review},
  journal   = {Sensors},
  year      = {2021},
  volume    = {21},
  number    = {24},
  pages     = {8241},
  url       = {https://www.mdpi.com/1424-8220/21/24/8241}
}

@article{ref87,
  author    = {J. E. Schmitz and J. Zentgraf and S. Rahmann},
  title     = {Smaller and More Flexible Cuckoo Filters},
  journal   = {arXiv preprint arXiv:2505.05847},
  year      = {2025},
  url       = {https://arxiv.org/abs/2505.05847}
}

@article{ref88,
  author    = {P. Afereidoon},
  title     = {persiansort: an alternative to mergesort inspired by persian rug},
  journal   = {arXiv preprint arXiv:2505.05775 [cs.DS]},
  year      = 2025,
  url       = {https://arxiv.org/abs/2505.05775}
}

@article{ref89,
  author    = {L. P. Barnes and S. Cameron and B. Howard},
  title     = {On Unbiased Low-Rank Approximation with Minimum Distortion},
  journal   = {arXiv preprint arXiv:2505.09647 [cs.DS]},
  year      = {2025},
  url       = {https://arxiv.org/abs/2505.09647}
}

@article{ref90,
  author    = {N. Marco and D. Şentürk and S. Jeste and C. C. DiStefano and A. Dickinson and D. Telesca},
  title     = {Flexible regularized estimation in high-dimensional mixed membership models},
  journal   = {Computational Statistics \& Data Analysis},
  year      = 2024,
  volume    = {194},
  pages     = {107931},
  doi       = {10.1016/j.csda.2024.107931},
  url       = {https://www.sciencedirect.com/science/article/abs/pii/S016794732400015X}
}

@article{ref91,
  author    = {B. Chen and F. Chen and J. Wang and T. Qiu},
  title     = {An efficient and distribution-free symmetry test for high-dimensional data based on energy statistics and random projections},
  journal   = {Computational Statistics \& Data Analysis},
  year      = 2025,
  volume    = {206},
  pages     = {108123},
  url       = {https://www.sciencedirect.com/science/article/abs/pii/S016794732400207X}
}

@article{ref92,
  author    = {P. Yuan and C. Jin and G. Li},
  title     = {FDR control for linear log-contrast models with high-dimensional compositional covariates},
  journal   = {Computational Statistics & Data Analysis},
  year      = 2024,
  volume    = {197},
  pages     = {107973},
  url       = {https://www.sciencedirect.com/science/article/abs/pii/S0167947324000574}
}

@article{ref93,
  author    = {S. W. Harrar and X. Kong},
  title     = {Recent developments in high-dimensional inference for multivariate data: Parametric, semiparametric and nonparametric approaches},
  journal   = {Journal of Multivariate Analysis},
  year      = {2022},
  volume    = {188},
  pages     = {Article 104855},
  doi       = {10.1016/j.jmva.2021.104855},
  url       = {https://doi.org/10.1016/j.jmva.2021.104855}
}

@article{ref94,
  author    = {Y. Yin},
  title     = {Test for high-dimensional mean vector under missing observations},
  journal   = {Journal of Multivariate Analysis},
  year      = 2021,
  volume    = {186},
  pages     = {Article 104797},
  doi       = {10.1016/j.jmva.2021.104797},
  url       = {https://doi.org/10.1016/j.jmva.2021.104797}
}

@article{ref95,
  author    = {J. Li},
  title     = {Finite sample t-tests for high-dimensional means},
  journal   = {Journal of Multivariate Analysis},
  year      = {2023},
  volume    = {196},
  pages     = {Article 105183},
  doi       = {10.1016/j.jmva.2023.105183},
  url       = {https://doi.org/10.1016/j.jmva.2023.105183}
}

@article{ref96,
  author    = {Neda Dousti Mousavi and S. Mostafa Hosseini and Mahdi Mahmoudi},
  title     = {Categorical Data Analysis for High-Dimensional Sparse Covariates with Multinomial Responses: An RNA-Seq Cancer Application},
  journal   = {Mathematics},
  year      = 2023,
  volume    = {11},
  number    = {14},
  pages     = {3202},
  url       = {https://www.mdpi.com/2227-7390/11/14/3202}
}

@article{ref97,
  author    = {Md Firoz Ahmed and Sujit Kumar Mitra and Rajdeep Mitra},
  title     = {Ensemble Linear Subspace Analysis of High-Dimensional Data: Theory and Applications},
  journal   = {Mathematics},
  year      = {2021},
  volume    = {9},
  number    = {21},
  pages     = {2669},
  url       = {https://www.mdpi.com/2227-7390/9/21/2669}
}

@article{ref98,
  author    = {Bharathi B. K. and K. Jaganathan},
  title     = {The Intrinsic Structure of High-Dimensional Data According to Principal Graphs},
  journal   = {Mathematics},
  year      = {2022},
  volume    = {10},
  number    = {20},
  pages     = {3894},
  url       = {https://www.mdpi.com/2227-7390/10/20/3894}
}

@article{ref99,
  author    = {E. F. de Oliveira and P. Garg and J. Hjerling-Leffler and R. Batista-Brito and L. Sjulson},
  title     = {Identifying patterns differing between high-dimensional datasets with generalized contrastive PCA},
  journal   = {PLOS Computational Biology},
  year      = 2025, 
  volume    = {21}, 
  number    = {2}, 
  pages     = {e1012747}, 
  doi       = {10.1371/journal.pcbi.1012747}, 
  url       = {https://doi.org/10.1371/journal.pcbi.1012747}
}

@article{ref100,
  author    = {E. Gorstein and R. Aghdam and C. Solís-Lemus},
  title     = {HighDimMixedModels.jl: Robust high-dimensional mixed-effects models across omics data},
  journal   = {PLOS Computational Biology},
  year      = 2025,
  volume    = {21},
  number    = {1},
  pages     = {e1012143},
  doi       = {10.1371/journal.pcbi.1012143},
  url       = {https://doi.org/10.1371/journal.pcbi.1012143}
}

@article{ref101,
  author    = {J. Liu and M. Vinck},
  title     = {Improved visualization of high-dimensional data using the distance-of-distance transformation},
  journal   = {PLOS Computational Biology},
  year      = 2022, 
  volume    = {18}, 
  number    = {12}, 
  pages     = {e1010764}, 
  doi       = {10.1371/journal.pcbi.1010764}, 
  url       = {https://doi.org/10.1371/journal.pcbi.1010764} 
}

@article{ref102,
  author    = {Vasilis Chasiotis and Lin Wang and Dimitris Karlis},
  title     = {Efficient subsampling for high-dimensional data},
  journal   = {arXiv preprint arXiv:2411.06298},
  year      = {2024},
  url       = {https://arxiv.org/abs/2411.06298}
}

@article{ref103,
  author    = {Xiangbo Mo and Hao Chen},
  title     = {A new classification framework for high-dimensional data},
  journal   = {arXiv preprint arXiv:2306.15199},
  year      = {2024},
  url       = {https://arxiv.org/abs/2306.15199}
}

@article{ref104,
  author    = {Arnab Auddy and Dong Xia and Ming Yuan},
  title     = {Tensor Methods in High Dimensional Data Analysis: Opportunities and Challenges},
  journal   = {arXiv preprint arXiv:2405.18412},
  year      = {2024},
  url       = {https://arxiv.org/abs/2405.18412}
}

@article{ref105,
  author    = {R. M. Perera and B. Oetomo and B. I. P. Rubinstein and R. Borovica-Gajic and M. Roughan},
  title     = {No DBA? No Regret! Multi-Armed Bandits for Index Tuning of Analytical and HTAP Workloads With Provable Guarantees},
  journal   = {IEEE Transactions on Knowledge and Data Engineering},
  year      = 2023,
  volume    = {35},
  number    = {12},
  pages     = {12221--12237},
  doi       = {10.1109/TKDE.2023.3271664},
  url       = {https://ieeexplore.ieee.org/document/10113193}
}

@article{ref106,
  author    = {X. Chen and H. Huo and J. S. Vitter and Y. Hu and Q. Zhu},
  title     = {MSQ-Index: A Succinct Index for Fast Graph Similarity Search},
  journal   = {IEEE Transactions on Knowledge and Data Engineering},
  year      = 2021,
  volume    = 33,
  number    = 6,
  pages     = {2654--2668},
  doi       = {10.1109/TKDE.2019.2954527},
  url       = {https://ieeexplore.ieee.org/document/8907362}
}

@article{ref107,
  author    = {S. Lu and W. Martens and M. Niewerth and Y. Tao},
  title     = {Partial Order Multiway Search},
  journal   = {ACM Transactions on Database Systems},
  year      = 2023,
  volume    = 48,
  number    = 4,
  pages     = {1--31},
  doi       = {10.1145/3626956},
  url       = {https://dl.acm.org/doi/10.1145/3626956}
}

@article{ref108,
  author    = {R. Binna and E. Zangerle and M. Pichl and G. Specht and V. Leis},
  title     = {Height Optimized Tries},
  journal   = {ACM Transactions on Database Systems},
  year      = {2022},
  volume    = {47},
  number    = {1},
  pages     = {1--46},
  url       = {https://dl.acm.org/doi/10.1145/3506692}
}

@article{ref109,
  author    = {G. Wu and J. Zhang and J. Fu and J. Wang},
  title     = {A case study for Adaptive Radix Tree index},
  journal   = {Information Systems},
  year      = 2022,
  volume    = {106},
  pages     = {101920},
  url       = {https://www.sciencedirect.com/science/article/abs/pii/S0306437921001228}
}

@article{ref110,
  author    = {A.-A. Mamun and H. Wu and Q. He and J. Wang and W. G. Aref},
  title     = {A Survey of Learned Indexes for the Multi-dimensional Space},
  journal   = {arXiv preprint arXiv:2403.06456},
  year      = {2024},
  url       = {https://arxiv.org/abs/2403.06456}
}

@article{ref111,
  author    = {Z. Chen and W. Hao and Z. Zeng and Y. Wen and L. Shi and Z.-J. Wang and Y. Zhao},
  title     = {LiLIS: Enhancing Big Spatial Data Processing with Lightweight Distributed Learned Index},
  journal   = {arXiv preprint arXiv:2504.18883v3},
  year      = 2025,
  url       = {https://arxiv.org/abs/2504.18883}
}

@article{ref112,
  author    = {C. L. A. Clarke},
  title     = {Annotative Indexing},
  journal   = {arXiv preprint arXiv:2411.06256},
  year      = {2024},
  url       = {https://arxiv.org/abs/2411.06256}
}

@article{ref113,
  author    = {F. Iglesias and T. Zseby and A. Zimek},
  title     = {Absolute Cluster Validity},
  journal   = {IEEE Transactions on Pattern Analysis and Machine Intelligence},
  year      = 2020, 
  volume    = 42, 
  number    = 9, 
  pages     = {2096--2112}, 
  url       = {https://ieeexplore.ieee.org/document/8695871}
}

@article{ref114,
  author    = {Y. Wu and X. Zhou and Y. Zhang and L. Ma and J. Fan},
  title     = {Automatic Index Tuning: A Survey},
  journal   = {IEEE Transactions on Knowledge and Data Engineering},
  year      = 2024,
  volume    = {36},
  number    = {12},
  pages     = {7657--7676},
  url       = {https://ieeexplore.ieee.org/document/10582533}
}

@article{ref115,
  author    = {A. Michalopoulos and D. Tsitsigkos and P. Bouros and N. Mamoulis and M. Terrovitis},
  title     = {Efficient Distance Queries on Non-point Data},
  journal   = {ACM Transactions on Spatial Algorithms and Systems},
  year      = 2025, 
  volume    = {11}, 
  number    = {1}, 
  pages     = {1:1--1:37}, 
  doi       = {10.1145/3698194}, 
  url       = {https://dl.acm.org/doi/10.1145/3698194}
}

@article{ref116,
  author    = {S. Loodtoy and V. Yalagandula},
  title     = {Bibliometric Analysis of International Journal of Information Management},
  journal   = {International Journal of Information Management},
  year      = 2021, 
  url       = {http://repo.lib.jfn.ac.lk/ujrr/bitstream/123456789/4718/2/Bibliometric%20Analysis%20of%20International%20Journal%20of%20Information%20Management.pdf}
}

@article{ref117,
  author    = {F. Zhu and Y. Kou and X. Jia and Y. Zhu},
  title     = {An Efficient and Robust Semantic Hashing Framework for Similarity Search},
  journal   = {ACM Transactions on Information Systems},
  year      = 2023,
  volume    = {41},
  number    = {2},
  pages     = {1--30},
  doi       = {10.1145/3570725},
  url       = {https://dl.acm.org/doi/10.1145/3570725}
}

@article{ref118,
  author    = {A. Pakzad and V. Mehrjou and D. Khosla and B. Schölkopf},
  title     = {A Word Selection Method for Producing Interpretable Word Embeddings},
  journal   = {Journal of Artificial Intelligence Research},
  year      = 2021,
  volume    = {71},
  pages     = {867--900},
  url       = {https://jair.org/index.php/jair/article/download/13353/26748/29105}
}

@article{ref119,
  author    = {Ali Javed and Usama Iqbal and Farooq Anwar and Arif Mehmood and Hafeez Anwar and Sascha Krannich and Hongnian Yu},
  title     = {An empirical evaluation of similarity measures for time series classification},
  journal   = {Machine Learning with Applications},
  year      = 2020,
  volume    = {1},
  number    = {},
  pages     = {100001},
  url       = {https://www.sciencedirect.com/science/article/pii/S2666827020300012}
}

@article{ref120,
  author    = {Huayi Wu and Zhipeng Gui and Zelong Yang},
  title     = {Geospatial big data for urban planning and urban management},
  journal   = {Geo-spatial Information Science},
  year      = 2020,
  volume    = 23,
  number    = 4,
  pages     = {273--274},
  doi       = {10.1080/10095020.2020.1854981},
  url       = {https://www.tandfonline.com/doi/full/10.1080/10095020.2020.1854981}
}

@article{ref121,
  author    = {Zhiyi Tian and Jiaming Xu and Jen Tang},
  title     = {Clustering High-Dimensional Noisy Categorical Data},
  journal   = {Journal of the American Statistical Association},
  year      = 2024,
  volume    = 119,
  number    = 548,
  pages     = {3008--3019},
  doi       = {10.1080/01621459.2023.2298028},
  url       = {https://doi.org/10.1080/01621459.2023.2298028}
}

@article{ref122,
  author    = {L. Bai and J. Liang and Y. Zhao},
  title     = {Self-Constrained Spectral Clustering},
  journal   = {IEEE Transactions on Pattern Analysis and Machine Intelligence},
  year      = 2023,
  volume    = {45},
  number    = {4},
  pages     = {4647--4660},
  doi       = {10.1109/TPAMI.2022.3188160},
  url       = {https://ieeexplore.ieee.org/document/9813560/}
}

@article{ref123,
  author    = {A. Policriti},
  title     = {Special Issue on Algorithms and Data-Structures for Compressed Computation},
  journal   = {Algorithms},
  year      = {2022},
  volume    = {15},
  number    = {12},
  pages     = {457},
  url       = {https://www.mdpi.com/1999-4893/15/12/457}
}

@article{ref124,
  author    = {Q. Zhang and X. Wang and K. Wang and H. Wang and R. Shang and L. Chen},
  title     = {A prefetching indexing scheme for in-memory database systems},
  journal   = {Information Systems},
  year      = 2024,
  volume    = {120},
  pages     = {102234},
  url       = {https://www.sciencedirect.com/science/article/pii/S0167739X24000840}
}

@article{ref125,
  author    = {R. De Mol and D. Dubois and H. Prade},
  title     = {Indexing possibilistic numerical data using Interval B+-trees},
  journal   = {Information Systems},
  year      = 2021,
  volume    = {93},
  pages     = {101544},
  url       = {https://www.sciencedirect.com/science/article/abs/pii/S0165011420301263}
}