@article{ref1,
  author    = {O. Vandenberg and D. Martiny and O. Rochas and A. van Belkum and Z. Kozlakidis},
  title     = {Considerations for diagnostic COVID-19 tests},
  journal   = {Nature Reviews Microbiology},
  year      = {2021},
  volume    = {19},
  pages     = {171--183},
  url       = {https://www.nature.com/articles/s41579-020-00461-z}
}

@article{ref2,
  author    = {I. N. Okeke and C. Ihekweazu},
  title     = {The importance of molecular diagnostics for infectious diseases in low-resource settings},
  journal   = {Nature Reviews Microbiology},
  year      = 2021,
  volume    = {19},
  pages     = {547--548},
  doi       = {10.1038/s41579-021-00598-5},
  url       = {https://www.nature.com/articles/s41579-021-00598-5}
}

@article{ref3,
  author    = {Baker, Rachel E. and Mahmud, Ayesha S. and Miller, Ian F. and Rajeev, Malavika and Rasambainarivo, Fidisoa and Rice, Benjamin L. and Takahashi, Saki and Tatem, Andrew J. and Wagner, Caroline E. and Wang, Lin-Fa and Wesolowski, Amy and Metcalf, C. Jessica E.},
  title     = {Infectious disease in an era of global change},
  journal   = {Nature Reviews Microbiology},
  year      = {2022},
  volume    = {20},
  number    = {},
  pages     = {193--205},
  doi       = {10.1038/s41579-021-00639-z},
  url       = {https://www.nature.com/articles/s41579-021-00639-z}
}

@article{ref4,
  author    = {T. Weitzel and C. Pérez and D. Tapia and P. Legarraga and L. Porte},
  title     = {SARS-CoV-2 rapid antigen detection tests},
  journal   = {The Lancet Infectious Diseases},
  year      = 2021, 
  volume    = 21, 
  number    = 8, 
  pages     = {1067--1068}, 
  doi       = {10.1016/S1473-3099(21)00249-8}, 
  url       = {https://www.thelancet.com/journals/laninf/article/PIIS1473-3099(21)00249-8/fulltext}
}

@article{ref5,
  author    = {M. V. Kiang and E. T. Chin and B. Q. Huynh and L. A. C. Chapman and I. Rodr\'{i}guez-Barraquer and B. Greenhouse and G. W. Rutherford and K. Bibbins-Domingo and D. Havlir and S. Basu and N. C. Lo},
  title     = {Routine asymptomatic testing strategies for airline travel during the COVID-19 pandemic: a simulation study},
  journal   = {The Lancet Infectious Diseases},
  year      = 2021,
  volume    = 21,
  number    = 7,
  pages     = {929--938},
  doi       = {10.1016/S1473-3099(21)00134-1},
  url       = {https://www.thelancet.com/journals/laninf/article/PIIS1473-3099(21)00134-1/fulltext}
}

@article{ref6,
  author    = {L. M. R. Kasbergen and E. de Bruin and F. Chandler and A. J. Menting and P. A. M. Kouwijzer and L. Schwanitz and V. Klaus and K. H. Adan and S. Markota and R. G. P. Alblas and others},
  title     = {Multi-antigen serology and a diagnostic algorithm for the detection of arbovirus infections as novel tools for arbovirus preparedness in southeast Europe: a prospective observational study},
  journal   = {The Lancet Infectious Diseases},
  year      = 2024,
  volume    = 24,
  number    = 6,
  pages     = {689--698},
  doi       = {10.1016/S1473-3099(24)00654-6},
  url       = {https://www.thelancet.com/journals/laninf/article/PIIS1473-3099(24)00654-6/fulltext}
}

@article{ref7,
  author    = {A. J. Sundermann and J. Chen and P. Kumar and A. M. Ayres and S. T. Cho and C. Ezeonwuka and M. P. Griffith and J. K. Miller and M. M. Mustapha and A. W. Pasculle and M. I. Saul and K. A. Shutt and V. Srinivasa and K. Waggle and D. J. Snyder and V. S. Cooper and D. Van Tyne and G. M. Snyder and J. W. Marsh and A. Dubrawski and M. S. Roberts and L. H. Harrison},
  title     = {Whole-Genome Sequencing Surveillance and Machine Learning of the Electronic Health Record for Enhanced Healthcare Outbreak Detection},
  journal   = {Clinical Infectious Diseases},
  year      = {2022},
  volume    = {75},
  number    = {3},
  pages     = {476-482},
  doi       = {10.1093/cid/ciab946},
  url       = {https://pubmed.ncbi.nlm.nih.gov/34791136/}
}

@article{ref8,
  author    = {A. J. Sundermann and P. Kumar and M. P. Griffith and K. D. Waggle and V. Rangachar Srinivasa and N. Raabe and E. G. Mills and H. Coyle and D. Ereifej and H. M. Creager and A. Ayres and D. Van Tyne and L. L. Pless and G. M. Snyder and M. Roberts and L. H. Harrison},
  title     = {Real-Time Genomic Surveillance for Enhanced Healthcare Outbreak Detection and Control: Clinical and Economic Impact},
  journal   = {Clinical Infectious Diseases},
  year      = {2025},
  doi       = {10.1093/cid/ciaf216},
  url       = {https://pubmed.ncbi.nlm.nih.gov/40302215/}
}

@article{ref9,
  author    = {B. R. Jackson and C. Tarr and E. Strain and K. A. Jackson and A. Conrad and H. Carleton and L. S. Katz and S. Stroika and L. H. Gould and R. K. Mody and B. J. Silk and J. Beal and Y. Chen and R. Timme and M. Doyle and A. Fields and M. Wise and G. Tillman and S. Defibaugh-Chavez and Z. Kucerova and A. Sabol and K. Roache and E. Trees and M. Simmons and J. Wasilenko and K. Kubota and H. Pouseele and W. Klimke and J. Besser and E. Brown and M. Allard and P. Gerner-Smidt},
  title     = {Implementation of Nationwide Real-time Whole-genome Sequencing to Enhance Listeriosis Outbreak Detection and Investigation},
  journal   = {Clinical Infectious Diseases},
  year      = {2016},
  volume    = {63},
  number    = {3},
  pages     = {380--386},
  doi       = {10.1093/cid/ciw242},
  url       = {https://pubmed.ncbi.nlm.nih.gov/27090985/}
}

@article{ref10,
  author    = {X. Yang and J. Li},
  title     = {Learn from the SARS-CoV-2 nucleic acid test to increase the experience of dealing with the 'disease X'},
  journal   = {BMC Infectious Diseases},
  year      = 2025, 
  volume    = {25}, 
  number    = {},
  pages     = {},
  doi       = {},
  url       = {https://bmcinfectdis.biomedcentral.com/articles/10.1186/s12879-025-10991-7} 
}

@article{ref11,
  author    = {Gizachew Mulu Setegn and Belayneh Endalamaw Dejene},
  title     = {Explainable AI for Symptom-Based Detection of Monkeypox: a machine learning approach},
  journal   = {BMC Infectious Diseases},
  year      = {2025},
  volume    = {25},
  number    = {},
  pages     = {},
  doi       = {10.1186/s12879-025-10738-4},
  url       = {https://bmcinfectdis.biomedcentral.com/articles/10.1186/s12879-025-10738-4}
}

@article{ref12,
  author    = {A. Pierangeli and O. Turriziani and M. Fracella and R. Campagna and F. Frasca and A. D'Auria and C. Scagnolari and P. Roberto and L. Cinti and G. D'Ettorre and G. Ceccarelli and L. Petrarca and R. Nenna and F. Midulla and G. Galardo and G. Antonelli},
  title     = {The added value of diagnostics to characterize age-specific patterns of respiratory viral infections and coinfections and to detect emerging threats},
  journal   = {BMC Infectious Diseases},
  year      = 2025,
  volume    = {25},
  pages     = {404},
  doi       = {10.1186/s12879-025-10693-0},
  url       = {https://bmcinfectdis.biomedcentral.com/articles/10.1186/s12879-025-10693-0}
}

@article{ref13,
  author    = {N. Bürgisser and E. Chalot and S. Mehouachi and C. P. Buclin and K. Lauper and D. S. Courvoisier and D. Mongin},
  title     = {Large language models for accurate disease detection in electronic health records},
  journal   = {medRxiv},
  year      = 2024,
  url       = {https://www.medrxiv.org/content/10.1101/2024.07.27.24311106v1}
}

@article{ref14,
  author    = {A. Matov},
  title     = {Urinary Biomarkers for Disease Detection},
  journal   = {medRxiv},
  year      = {2024},
  url       = {https://www.medrxiv.org/content/10.1101/2024.07.30.24311186v1}
}

@article{ref15,
  author    = {N. Krasnow and K. Maurer and C. Song and J. Rhoades and K. Xiong and A. Crnjac and T. Blewett and L. Gao and H. Jacene and R. Merryman and S. H. Gohil and C. Duffy and L. I. Guerrero and J. Dela Cruz and M. McDonough and J. O. Wolff and R. Redd and M. Mattie and B. Miles and G. M. Makrigiorgos and D. S. Neuberg and S. J. Rodig and P. Armand and C. Jacobson and V. A. Adalsteinsson and C. J. Wu},
  title     = {Early Measurable Residual Disease Detection after CAR-T is Associated with Poor Outcome Large B-cell Lymphoma Patients},
  journal   = {medRxiv},
  year      = 2024, 
  url       = {https://www.medrxiv.org/content/10.1101/2024.11.27.24318095v1}
}

@article{ref16,
  author    = {D. van Kampen and J. Wildfeuer},
  title     = {Cohesion in physical movie releases: developing a framework for the multimodal analysis of complex three-dimensional packaging},
  journal   = {Multimodality \& Society},
  year      = 2024, 
  doi       = {10.1177/26349795241306993}, 
  url       = {https://doi.org/10.1177/26349795241306993}
}

@article{ref17,
  author    = {F. Byrne},
  title     = {A diffractive approach to multimodal transcription: Materialising entanglements between humans and non-humans},
  journal   = {Multimodality \& Society},
  year      = {2024},
  doi       = {10.1177/26349795241291369},
  url       = {https://doi.org/10.1177/26349795241291369}
}

@article{ref18,
  author    = {S. Kjær Jensen and B. Schirrmacher},
  title     = {Stronger together: Moving towards a combined multimodal and intermedial model},
  journal   = {Multimodality \& Society},
  year      = {2024},
  doi       = {10.1177/26349795241259606},
  url       = {https://doi.org/10.1177/26349795241259606}
}

@article{ref19,
  author    = {Hamdi Dibeklio\u{g}lu and Elif Surer and Albert Ali Salah and Thierry Dutoit},
  title     = {Behavior and usability analysis for multimodal user interfaces},
  journal   = {Journal on Multimodal User Interfaces},
  year      = {2021},
  volume    = {15},
  pages     = {335--336},
  doi       = {10.1007/s12193-021-00372-0},
  url       = {https://link.springer.com/article/10.1007/s12193-021-00372-0}
}

@article{ref20,
  author    = {Candy Olivia Mawalim and Shogo Okada and Yukiko I. Nakano and Masashi Unoki},
  title     = {Personality trait estimation in group discussions using multimodal analysis and speaker embedding},
  journal   = {Journal on Multimodal User Interfaces},
  year      = {2023}, 
  volume    = {17}, 
  pages     = {47--63}, 
  doi       = {10.1007/s12193-023-00401-0}, 
  url       = {https://link.springer.com/article/10.1007/s12193-023-00401-0} 
}

@article{ref21,
  author    = {Béatrice Biancardi and Maurizio Mancini and Brian Ravenet and Giovanna Varni},
  title     = {Modelling the 'transactive memory system' in multimodal multiparty interactions},
  journal   = {Journal on Multimodal User Interfaces},
  year      = 2024, 
  volume    = 18, 
  number    = 1, 
  pages     = {103--117}, 
  doi       = {10.1007/s12193-023-00399-w}, 
  url       = {https://link.springer.com/article/10.1007/s12193-023-00399-w} 
}

@article{ref22,
  author    = {F. Atilla and B. Klomberg and B. Cardoso and N. Cohn},
  title     = {Background check: cross-cultural differences in the spatial context of comic scenes},
  journal   = {Multimodal Communication},
  year      = 2023,
  volume    = {12},
  number    = {3},
  pages     = {179--189},
  url       = {https://www.degruyter.com/document/doi/10.1515/mc-2023-2010/html}
}

@article{ref23,
  author    = {J. A. Bateman and C.-I. Tseng},
  title     = {Multimodal discourse analysis as a method for revealing narrative strategies in news videos},
  journal   = {Multimodal Communication},
  year      = 2023,
  volume    = {12},
  number    = {3},
  pages     = {261--285},
  doi       = {10.1515/mc-2023-2017},
  url       = {https://www.degruyter.com/document/doi/10.1515/mc-2023-2017/html}
}

@article{ref24,
  author    = {D. Lindenberg},
  title     = {Multimodal meaning-making in student presentations: the impact of explicit feedback in a German as a foreign language classroom},
  journal   = {Multimodal Communication},
  year      = 2023, 
  volume    = {12}, 
  number    = {3}, 
  pages     = {191--206}, 
  doi       = {10.1515/mc-2023-2011}, 
  url       = {https://www.degruyter.com/document/doi/10.1515/mc-2023-2011/html} 
}

@article{ref25,
  author    = {J. A. Bateman and F. Schmidt-Borcherding},
  title     = {The Communicative Effectiveness of Education Videos: Towards an Empirically-Motivated Multimodal Account},
  journal   = {Multimodal Technologies and Interaction},
  year      = 2018, 
  volume    = {2}, 
  number    = {3}, 
  pages     = {59}, 
  url       = {https://www.mdpi.com/2414-4088/2/3/59}
}

@article{ref26,
  author    = {T. Guntz and R. Balzarini and D. Vaufreydaz and J. L. Crowley},
  title     = {Multimodal Observation and Classification of People Engaged in Problem Solving: Application to Chess Players},
  journal   = {Multimodal Technologies and Interaction},
  year      = 2018,
  volume    = {2},
  number    = {2},
  pages     = {11},
  url       = {https://www.mdpi.com/2414-4088/2/2/11}
}

@article{ref27,
  author    = {J. Lamb},
  title     = {To Boldly Go: Feedback as Digital, Multimodal Dialogue},
  journal   = {Multimodal Technologies and Interaction},
  year      = {2018},
  volume    = {2},
  number    = {3},
  pages     = {49},
  url       = {https://www.mdpi.com/2414-4088/2/3/49}
}

@article{ref28,
  author    = {Yushan Jiang and Kanghui Ning and Zijie Pan and Xuyang Shen and Jingchao Ni and Wenchao Yu and Anderson Schneider and Haifeng Chen and Yuriy Nevmyvaka and Dongjin Song},
  title     = {Multi-modal Time Series Analysis: A Tutorial and Survey},
  journal   = {arXiv preprint arXiv:2503.13709},
  year      = 2025,
  url       = {https://arxiv.org/abs/2503.13709}
}

@article{ref29,
  author    = {Wenwu Zhu and Xin Wang and Hongzhi Li},
  title     = {Multi-modal Deep Analysis for Multimedia},
  journal   = {IEEE Transactions on Circuits and Systems for Video Technology},
  year      = {2020},
  doi       = {10.1109/TCSVT.2019.2940647},
  url       = {https://arxiv.org/abs/1910.04964}
}

@article{ref30,
  author    = {Jiaqi Wang and Hanqi Jiang and Yiheng Liu and Chong Ma and Xu Zhang and Yi Pan and Mengyuan Liu and Peiran Gu and Sichen Xia and Wenjun Li and Yutong Zhang and Zihao Wu and Zhengliang Liu and Tianyang Zhong and Bao Ge and Tuo Zhang and Ning Qiang and Xintao Hu and Xi Jiang and Xin Zhang and Wei Zhang and Dinggang Shen and Tianming Liu and Shu Zhang},
  title     = {A Comprehensive Review of Multimodal Large Language Models: Performance and Challenges Across Different Tasks},
  journal   = {arXiv preprint arXiv:2408.01319},
  year      = 2024,
  url       = {https://arxiv.org/abs/2408.01319}
}

@article{ref31,
  author    = {M. Jaritz and T.-H. Vu and R. De Charette and {\'E}. Wirbel and P. P{\'e}rez},
  title     = {Cross-modal learning for domain adaptation in 3D semantic segmentation},
  journal   = {IEEE Transactions on Pattern Analysis and Machine Intelligence},
  year      = 2022,
  volume    = {45},
  number    = {2},
  pages     = {1533--1544},
  url       = {https://ieeexplore.ieee.org/document/9737217/}
}

@article{ref32,
  author    = {Y. Liu and G. Li and L. Lin},
  title     = {Cross-modal causal relational reasoning for event-level visual question answering},
  journal   = {IEEE Transactions on Pattern Analysis and Machine Intelligence},
  year      = {2023},
  volume    = {45},
  number    = {10},
  pages     = {11624--11641},
  url       = {https://ieeexplore.ieee.org/document/10146482/}
}

@article{ref33,
  author    = {A. Vobecky and D. Hurych and O. Siméoni and S. Gidaris and A. Bursuc and P. Pérez and J. Sivic},
  title     = {Unsupervised Semantic Segmentation of Urban Scenes via Cross-Modal Distillation},
  journal   = {International Journal of Computer Vision},
  year      = 2025,
  volume    = {133},
  number    = {6},
  pages     = {3519--3541},
  doi       = {10.1007/s11263-024-02320-3},
  url       = {https://doi.org/10.1007/s11263-024-02320-3}
}

@article{ref34,
  author    = {Mirco Planamente and Chiara Plizzari and Simone Alberto Peirone and Barbara Caputo and Andrea Bottino},
  title     = {Relative Norm Alignment for Tackling Domain Shift in Deep Multi-modal Classification},
  journal   = {International Journal of Computer Vision},
  year      = 2024,
  volume    = {132},
  number    = {},
  pages     = {2618--2638},
  doi       = {10.1007/s11263-024-01998-9},
  url       = {https://doi.org/10.1007/s11263-024-01998-9}
}

@article{ref35,
  author    = {X.-F. Zhu and T. Xu and Z.-t. Liu and Z. Tang and X.-J. Wu and J. Kittler},
  title     = {UniMod1K: A Dataset for Multimodal Learning with Vision, Depth, and Language},
  journal   = {International Journal of Computer Vision},
  year      = 2025,
  volume    = {133},
  number    = {6},
  note      = {Special Issue on Multimodal Learning},
  url       = {https://link.springer.com/journal/11263/volumes-and-issues/133-6}
}

@article{ref36,
  author    = {S. J. Mataraso and C. A. Espinosa and D. Seong and S. M. Reincke and E. Berson and J. D. Reiss and Y. Kim and M. Ghanem and C.-H. Shu and T. James and Y. Tan and S. Shome and I. A. Stelzer and D. Feyaerts and R. J. Wong and G. M. Shaw and M. S. Angst and B. Gaudilliere and D. K. Stevenson and N. Aghaeepour},
  title     = {A machine learning approach to leveraging electronic health records for enhanced omics analysis},
  journal   = {Nature Machine Intelligence},
  year      = 2025, 
  volume    = {7}, 
  pages     = {293--306}, 
  doi       = {10.1038/s42256-024-00974-9}, 
  url       = {https://www.nature.com/articles/s42256-024-00974-9}
}

@article{ref37,
  author    = {Stahlschmidt, S. R. and Ulfenborg, B. and Synnergren, J.},
  title     = {Multimodal deep learning for biomedical data fusion: a review},
  journal   = {Nature Machine Intelligence},
  year      = 2023,
  volume    = {5},
  pages     = {351--362},
  url       = {https://www.nature.com/articles/s42256-023-00629-w}
}

@article{ref38,
  author    = {D. Ding and S. Li and B. Narasimhan and R. Tibshirani},
  title     = {Cooperative learning for multiview analysis},
  journal   = {Nature Machine Intelligence},
  year      = 2022,
  volume    = {4},
  pages     = {263--271},
  url       = {https://www.nature.com/articles/s42256-022-00497-6}
}

@article{ref39,
  author    = {Y. He and L. Zheng and X. Shi and T. Huang},
  title     = {Efficient Modality Selection in Multimodal Learning},
  journal   = {Journal of Machine Learning Research},
  year      = 2024,
  volume    = {25},
  number    = {61},
  pages     = {1--53},
  url       = {https://www.jmlr.org/papers/volume25/23-0439/23-0439.pdf}
}

@article{ref40,
  author    = {D. Benielli and H. Berry and J. Morlier},
  title     = {scikit-multimodallearn: A Python Toolbox for Multimodal Machine Learning},
  journal   = {Journal of Machine Learning Research},
  year      = {2022},
  volume    = {23},
  number    = {279},
  pages     = {1--6},
  url       = {https://www.jmlr.org/papers/volume23/21-0791/21-0791.pdf}
}

@article{ref41,
  author    = {P. Goyal and S. Sahu and S. Ghosh and C. Lee},
  title     = {Cross-modal Learning for Multi-modal Video Categorization},
  journal   = {arXiv preprint arXiv:2003.03501},
  year      = 2020,
  url       = {https://arxiv.org/abs/2003.03501}
}

@article{ref42,
  author    = {S. S. Srinivas and V. Runkana},
  title     = {Cross-Modal Learning for Chemistry Property Prediction: Large Language Models Meet Graph Machine Learning},
  journal   = {arXiv preprint arXiv:2408.14964},
  year      = {2024},
  url       = {https://arxiv.org/abs/2408.14964}
}

@article{ref43,
  author    = {Z. Lin and S. Yu and Z. Kuang and D. Pathak and D. Ramanan},
  title     = {Multimodality Helps Unimodality: Cross-Modal Few-Shot Learning with Multimodal Models},
  journal   = {arXiv preprint arXiv:2301.06267},
  year      = 2023,
  url       = {https://arxiv.org/abs/2301.06267}
}

@article{ref44,
  author    = {O. Aerts and S. W. Griffiths and M. W. A. van Timmeren and et al.},
  title     = {The Image Biomarker Standardisation Initiative: Standardized Quantitative Radiomics for High Throughput Image-based Phenotyping},
  journal   = {Radiology},
  year      = 2020,
  volume    = 295,
  number    = 2,
  pages     = {328--338},
  doi       = {10.1148/radiol.2020191145},
  url       = {https://pubs.rsna.org/doi/10.1148/radiol.2020191145}
}

@article{ref45,
  author    = {F. Sollini and R. Antunovic and A. Chiti and H. J. W. L. Aerts},
  title     = {PET Radiomics in NSCLC: State of the Art and a Proposal for Harmonization of Methodology},
  journal   = {Radiology},
  year      = 2021,
  volume    = 298,
  number    = 2,
  pages     = {548-560},
  doi       = {10.1148/radiol.2021200616},
  url       = {https://pubs.rsna.org/doi/10.1148/radiol.2021200616}
}

@article{ref46,
  author    = {A. Hope and C. F. Dietrich and L. Q. Zhou and D. L. McFarlane and R. J. Gillies and H. Hricak},
  title     = {Radiomics: Images Are More Than Pictures, They Are Data},
  journal   = {Radiology},
  year      = 2016,
  volume    = 278,
  number    = 2,
  pages     = {563--577},
  url       = {https://pubs.rsna.org/doi/10.1148/radiol.2015151169}
}

@article{ref47,
  author    = {Q. Xie and Y. Li and N. He and M. Ning and K. Ma and G. Wang and Y. Lian and Y. Zheng},
  title     = {Unsupervised Domain Adaptation for Medical Image Segmentation by Disentanglement Learning and Self-Training},
  journal   = {IEEE Transactions on Medical Imaging},
  year      = 2024, 
  volume    = {43}, 
  number    = {1}, 
  pages     = {4--14}, 
  doi       = {10.1109/TMI.2023.3324198}, 
  url       = {https://doi.org/10.1109/TMI.2023.3324198}
}

@article{ref48,
  author    = {Z. Chen and Y. Zheng and J. C. Gee},
  title     = {TransMatch: A Transformer-Based Multilevel Dual-Stream Feature Matching Network for Unsupervised Deformable Image Registration},
  journal   = {IEEE Transactions on Medical Imaging},
  year      = 2024,
  volume    = {43},
  number    = {1},
  pages     = {15-27},
  doi       = {10.1109/TMI.2023.3324623},
  url       = {https://doi.org/10.1109/TMI.2023.3324623}
}

@article{ref49,
  author    = {J. Li and P. Zhang and T. Wang and L. Zhu and R. Liu and X. Yang and K. Wang and D. Shen and B. Sheng},
  title     = {DSMT-Net: Dual Self-Supervised Multi-Operator Transformation for Multi-Source Endoscopic Ultrasound Diagnosis},
  journal   = {IEEE Transactions on Medical Imaging},
  year      = {2024},
  volume    = {43},
  number    = {1},
  pages     = {64--75},
  doi       = {10.1109/TMI.2023.3324373},
  url       = {https://doi.org/10.1109/TMI.2023.3324373}
}

@article{ref50,
  author    = {G. Litjens and T. Kooi and B. E. Bejnordi and A. A. A. Setio and F. Ciompi and M. Ghafoorian and J. A. van der Laak and B. van Ginneken and C. I. Sánchez},
  title     = {A survey on deep learning in medical image analysis},
  journal   = {Medical Image Analysis},
  year      = {2017},
  volume    = {42},
  pages     = {60--88},
  doi       = {10.1016/j.media.2017.07.005},
  url       = {https://www.sciencedirect.com/science/article/pii/S1361841517301130}
}

@article{ref51,
  author    = {H. R. Roth and X. Zhuang and D. Shen and C. Shen},
  title     = {Federated learning for medical image analysis},
  journal   = {Medical Image Analysis},
  year      = 2022, 
  volume    = {75}, 
  pages     = {102298}, 
  doi       = {10.1016/j.media.2021.102298}, 
  url       = {https://www.sciencedirect.com/science/article/pii/S1361841521003082}
}

@article{ref52,
  author    = {S. Bakas and M. Reyes and A. Jakab and S. Bauer and M. Rempfler and A. Crimi and R. Shinohara and others},
  title     = {Identifying the best machine learning algorithms for brain tumor segmentation, progression assessment, and overall survival prediction in the BRATS challenge},
  journal   = {Medical Image Analysis},
  year      = 2019, 
  volume    = {55}, 
  number    = {}, 
  pages     = {80--91}, 
  doi       = {10.1016/j.media.2019.04.015}, 
  url       = {https://www.sciencedirect.com/science/article/pii/S1361841519301159}
}

@article{ref53,
  author    = {X. Li and Y. Guo and S. Huang and F. Wang and C. Dai and J. Zhou and D. Lin},
  title     = {A CT-based intratumoral and peritumoral radiomics nomogram for postoperative recurrence risk stratification in localized clear cell renal cell carcinoma},
  journal   = {BMC Medical Imaging},
  year      = 2025, 
  volume    = {25}, 
  number    = {1}, 
  pages     = {167}, 
  doi       = {10.1186/s12880-024-01133-x}, 
  url       = {https://bmcmedimaging.biomedcentral.com/articles/10.1186/s12880-024-01133-x}
}

@article{ref54,
  author    = {H. Laçi and K. Sevrani and S. Iqbal},
  title     = {Deep learning approaches for classification tasks in medical X-ray, MRI, and ultrasound images: a scoping review},
  journal   = {BMC Medical Imaging},
  year      = 2025,
  volume    = {25},
  number    = {1},
  pages     = {156},
  url       = {https://bmcmedimaging.biomedcentral.com/articles/10.1186/s12880-024-01122-0}
}

@article{ref55,
  author    = {F. Meng and T. Zhang and Y. Pan and X. Kan and Y. Xia and M. Xu and J. Cai and F. Liu and Y. Ge},
  title     = {A deep learning algorithm for automated adrenal gland segmentation on non-contrast CT images},
  journal   = {BMC Medical Imaging},
  year      = 2025,
  volume    = {25},
  number    = {1},
  pages     = {142},
  doi       = {10.1186/s12880-025-01682-5},
  url       = {https://bmcmedimaging.biomedcentral.com/articles/10.1186/s12880-025-01682-5}
}

@article{ref56,
  author    = {F. H. Linden and M. Boesen and E. Høegh-schmidt and J. U. Nybing and R. B. Mainz Hansen and L. H. Persson Kopp and M. N. Thomsen and M. W. Brejnebøl},
  title     = {External Validation of an Automated Segmentation Tool for Abdominal Fat Tissue using DIXON MRI: Data from the CutDM trial},
  journal   = {medRxiv},
  year      = {2025},
  doi       = {10.1101/2025.05.14.25327583},
  url       = {https://doi.org/10.1101/2025.05.14.25327583}
}

@article{ref57,
  author    = {E. H. P. Pooch and G. Agrotis and L. Cai and M. Emberton and T. T. Shah and H. U. Ahmed and R. G. H. Beets-Tan and S. Benson and T. Janssen and I. G. Schoots},
  title     = {Semi-Supervised Learning in Prostate MRI Tumor Segmentation Approaches Fully-Supervised Performance on External Validation},
  journal   = {medRxiv},
  year      = 2025,
  doi       = {10.1101/2025.05.13.25327456},
  url       = {https://doi.org/10.1101/2025.05.13.25327456}
}

@article{ref58,
  author    = {A. Kumar and P. Nandakishore and A. J. Gordon and E. Baum and J. Madhok and Y. Duanmu and J. Kugler},
  title     = {Creation of an Open-Access Lung Ultrasound Image Database For Deep Learning and Neural Network Applications},
  journal   = {medRxiv},
  year      = {2025}, 
  doi       = {10.1101/2025.05.09.25327337}, 
  url       = {https://doi.org/10.1101/2025.05.09.25327337}
}

@article{ref59,
  author    = {C. M. Alonso and M. Llop and C. Sargas and L. Pedrola and J. Panadero and D. Hervás and J. Cervera and E. Such and M. Ibáñez and R. Ayala and J. Martínez-López and E. Onecha and I. de Juan and S. Palanca and D. Martínez-Cuadrón and R. Rodríguez-Veiga and B. Boluda and P. Montesinos and G. Sanz and M. A. Sanz and E. Barragán},
  title     = {Clinical Utility of a Next-Generation Sequencing Panel for Acute Myeloid Leukemia Diagnostics},
  journal   = {The Journal of Molecular Diagnostics},
  year      = 2019, 
  volume    = 21, 
  number    = 2, 
  pages     = {228--240}, 
  doi       = {10.1016/j.jmoldx.2018.09.009}, 
  url       = {https://pubmed.ncbi.nlm.nih.gov/30576870/} 
}

@article{ref60,
  author    = {L. J. Jennings and M. E. Arcila and C. Corless and S. Kamel-Reid and I. M. Lubin and J. Pfeifer and R. L. Temple-Smolkin and K. V. Voelkerding and M. N. Nikiforova},
  title     = {Guidelines for Validation of Next-Generation Sequencing-Based Oncology Panels: A Joint Consensus Recommendation of the Association for Molecular Pathology and College of American Pathologists},
  journal   = {The Journal of Molecular Diagnostics},
  year      = 2017,
  volume    = {19},
  number    = {3},
  pages     = {341-365},
  doi       = {10.1016/j.jmoldx.2017.01.011},
  url       = {https://pubmed.ncbi.nlm.nih.gov/28341590/}
}

@article{ref61,
  author    = {E. M. Kudalkar and N. A. M. Almontashiri and C. Huang and B. Anekella and M. Bowser and E. Hynes and R. Garlick and B. H. Funke},
  title     = {Multiplexed Reference Materials as Controls for Diagnostic Next-Generation Sequencing: A Pilot Investigating Applications for Hypertrophic Cardiomyopathy},
  journal   = {The Journal of Molecular Diagnostics},
  year      = 2016,
  volume    = 18,
  number    = 6,
  pages     = {882--889},
  doi       = {10.1016/j.jmoldx.2016.07.005},
  url       = {https://pubmed.ncbi.nlm.nih.gov/27639548/}
}

@article{ref62,
  author    = {S. Flynn and A. Haenel and F. Coughlan and S. Crilly and J. A. Leipsic and J. D. Dodd},
  title     = {Cardiac CT, MRI, and PET in 2023: Exploration of Key Articles across Imaging and Multidisciplinary Journals},
  journal   = {Radiology},
  year      = {2024},
  volume    = {313},
  number    = {3},
  pages     = {e240975},
  doi       = {10.1148/radiol.240975},
  url       = {https://pubmed.ncbi.nlm.nih.gov/39688488/}
}

@article{ref63,
  author    = {M. B. Lawson and W. Zhu and D. L. Miglioretti and T. Onega and L. M. Henderson and G. H. Rauscher and K. Kerlikowske and B. L. Sprague and E. J. A. Bowles and E. S. O'Meara and A. N. A. Tosteson and R. M. diFlorio-Alexander and R. A. Hubbard and J. M. Lee and C. I. Lee},
  title     = {Disparities in Standard-of-Care, Advanced, and Same-Day Diagnostic Services among Patients with Abnormal Screening Mammography},
  journal   = {Radiology},
  year      = 2025,
  volume    = {314},
  number    = {2},
  pages     = {e241673},
  doi       = {10.1148/radiol.241673},
  url       = {https://pubmed.ncbi.nlm.nih.gov/39964269/}
}

@article{ref64,
  author    = {C. Lauri and A. Signore and A.W.J.M. Glaudemans and G. Treglia and O. Gheysens and R.H.J.A. Slart and R. Iezzi and N.H.J. Prakken and E.S. Debus and S. Honig and A. Lejay and N. Chakfé},
  title     = {Evidence-based guideline of the European Association of Nuclear Medicine (EANM) on imaging infection in vascular grafts},
  journal   = {European Journal of Nuclear Medicine and Molecular Imaging},
  year      = {2022},
  volume    = {49},
  pages     = {3430--3451},
  doi       = {10.1007/s00259-022-05769-x},
  url       = {https://doi.org/10.1007/s00259-022-05769-x}
}

@article{ref65,
  author    = {F. Fraioli and N. Albert and R. Boellaard and I. Boscolo Galazzo and M. Brendel and I. Buvat and M. Castellaro and D. Cecchin and P. Aguiar Fernandez and E. Guedj and A. Hammers and Z. Kaplar and S. Morbelli and L. Papp and K. Shi and N. Tolboom and T. Traub-Weidinger and A. Verger and D. Van Weehaeghe and I. Yakushev and H. Barthel},
  title     = {Perspectives of the European Association of Nuclear Medicine on the role of artificial intelligence (AI) in molecular brain imaging},
  journal   = {European Journal of Nuclear Medicine and Molecular Imaging},
  year      = {2024},
  volume    = {51},
  pages     = {1007--1011},
  doi       = {10.1007/s00259-023-06553-1},
  url       = {https://doi.org/10.1007/s00259-023-06553-1}
}

@article{ref66,
  author    = {O. Westerland and A. Amlani and C. Kelly-Morland and M. Fraczek and K. Bailey and M. Gleeson and I. El-Najjar and M. Streetly and P. Bassett and G. J. R. Cook and V. Goh and Myeloma Imaging Research Group at Guy’s \& St Thomas’ Hospital, London and King’s College London},
  title     = {Comparison of the diagnostic performance and impact on management of 18F-FDG PET/CT and whole-body MRI in multiple myeloma},
  journal   = {European Journal of Nuclear Medicine and Molecular Imaging},
  year      = {2021},
  volume    = {48},
  pages     = {2558--2565},
  doi       = {10.1007/s00259-020-05182-2},
  url       = {https://doi.org/10.1007/s00259-020-05182-2}
}

@article{ref67,
  author    = {Chengdong Shi and Kai Yu and Yu Hu and Yuantao Wang and Fan Bu and Ji Lu and Weigang Wang},
  title     = {Diagnostic Efficacy of Various Imaging Modalities Across Different Stages of Prostate Cancer: A Network Meta-Analysis of Diagnostic Studies},
  journal   = {medRxiv},
  year      = 2024,
  doi       = {10.1101/2024.09.28.24314285},
  url       = {https://www.medrxiv.org/content/10.1101/2024.09.28.24314285v1}
}

@article{ref68,
  author    = {Camille Mazzara and Pietro Sorrentino and Irene Altuna and Roma Maghsoudlou and Fabio Ferrarelli and Diego Sona and Luca Cocchi and Alessandro Gozzi and Carlo Miniussi and Silvia De Santis and Francesca Pistoia and Kenji Kansaku and Pau Erola and Gregoire Danaila and Carlo Cavedini and Barry A. Giesbrecht and Gordon Sajda and Rodolphe Jenatton and Emmanuel Daucé},
  title     = {Mapping brain lesions to conduction delays: the next step for personalized brain models in Multiple Sclerosis},
  journal   = {medRxiv},
  year      = {2024}, 
  note      = {Preprint},
  doi       = {10.1101/2024.07.10.24310150},
  url       = {https://www.medrxiv.org/content/10.1101/2024.07.10.24310150v1}
}

@article{ref69,
  author    = {M. Antillon and M. McFarland and J. Ndung'u and E. Sutherland and M.E. Chappuis and S. Snijders and A. Hope and W.J. de Vlas and E.M. Castaño},
  title     = {Cost-effectiveness of sleeping sickness elimination campaigns in the Democratic Republic of Congo: a transmission model-based economic evaluation},
  journal   = {medRxiv},
  year      = {2020},
  doi       = {10.1101/2020.08.25.20181982},
  url       = {https://www.medrxiv.org/content/10.1101/2020.08.25.20181982v2}
}

@article{ref70,
  author    = {A. Holzinger and G. Langs and H. Denk and K. Zatloukal and H. Müller},
  title     = {Information fusion as an integrative cross-cutting enabler to achieve robust, explainable, and trustworthy medical artificial intelligence},
  journal   = {Information Fusion},
  year      = 2022,
  volume    = {79},
  pages     = {263--278},
  month     = {Nov.},
  url       = {https://linkinghub.elsevier.com/retrieve/pii/S1566253521002050}
}

@article{ref71,
  author    = {Y. Himeur and A. Ghanem and F. Alsalemi and R. Alhameed and F. Bensaali and A. Amira},
  title     = {Data fusion strategies for energy efficiency in buildings: Overview, taxonomy, and future research directions},
  journal   = {Information Fusion},
  year      = {2020},
  volume    = {64},
  pages     = {99--120},
  month     = {Oct.},
  url       = {https://linkinghub.elsevier.com/retrieve/pii/S1566253520303158}
}

@article{ref72,
  author    = {A. Diez-Olivan and J. Del Ser and D. Galar and B. Sierra},
  title     = {Data fusion and machine learning for industrial prognosis: Trends and perspectives towards Industry 4.0},
  journal   = {Information Fusion},
  year      = 2019,
  volume    = {50},
  pages     = {92--111},
  month     = jan,
  doi       = {10.1016/j.inffus.2018.10.005},
  url       = {https://linkinghub.elsevier.com/retrieve/pii/S1566253518304706}
}

@article{ref73,
  author    = {P. Dutta},
  title     = {An uncertainty measure and fusion rule for conflict evidences of big data via Dempster--Shafer theory},
  journal   = {International Journal of Image and Data Fusion},
  year      = 2018,
  volume    = {9},
  number    = {2},
  pages     = {187--201},
  url       = {https://www.tandfonline.com/doi/full/10.1080/19479832.2017.1391336}
}

@article{ref74,
  author    = {R. Ahmadirouhani and M. H. Karimpour and B. Rahimi and A. Malekzadeh-Shafaroudi and A. Beiranvand Pour and B. Pradhan},
  title     = {Integration of SPOT-5 and ASTER satellite data for structural tracing and hydrothermal alteration mineral mapping: implications for Cu--Au prospecting},
  journal   = {International Journal of Image and Data Fusion},
  year      = {2018},
  volume    = {9},
  number    = {3},
  pages     = {239--253},
  doi       = {10.1080/19479832.2018.1469548},
  url       = {https://www.tandfonline.com/doi/full/10.1080/19479832.2018.1469548}
}

@article{ref75,
  author    = {S. Iino and R. Ito and K. Doi and T. Imaizumi and S. Hikosaka and T.~Y. Saito},
  title     = {CNN-based generation of high-accuracy urban distribution maps utilising SAR satellite imagery for short-term change monitoring},
  journal   = {International Journal of Image and Data Fusion},
  year      = {2018},
  volume    = {9},
  number    = {4},
  pages     = {298--312},
  doi       = {10.1080/19479832.2018.1491897},
  url       = {https://www.tandfonline.com/doi/full/10.1080/19479832.2018.1491897}
}

@article{ref76,
  author    = {R. J. Appleton and B. C. Barnes and A. Strachan},
  title     = {Data Fusion of Deep Learned Molecular Embeddings for Property Prediction},
  journal   = {arXiv preprint arXiv:2504.07297},
  year      = {2025},
  url       = {https://arxiv.org/abs/2504.07297}
}

@article{ref77,
  author    = {W. Feng and Q. Li and C. Wang and J.-s. Fan},
  title     = {Data Fusion for Full-Range Response Reconstruction via Diffusion Models},
  journal   = {arXiv preprint arXiv:2502.00795},
  year      = {2025},
  url       = {https://arxiv.org/abs/2502.00795}
}

@article{ref78,
  author    = {Q. Zhang and Y. Wei and Z. Han and H. Fu and X. Peng and C. Deng and Q. Hu and C. Xu and J. Wen and D. Hu and C. Zhang},
  title     = {Multimodal Fusion on Low-quality Data: A Comprehensive Survey},
  journal   = {arXiv preprint arXiv:2404.18947},
  year      = 2024,
  month     = nov,
  url       = {https://arxiv.org/abs/2404.18947}
}

@article{ref79,
  author    = {A. Dehghani Zahedani and T. McLaughlin and A. Veluvali and N. Aghaeepour and A. Hosseinian and S. Agarwal and J. Ruan and S. Tripathi and M. Woodward and N. Hashemi and M. Snyder},
  title     = {Digital health application integrating wearable data and behavioral patterns improves metabolic health},
  journal   = {npj Digital Medicine},
  year      = {2023},
  volume    = {6},
  number    = {},
  pages     = {},
  doi       = {10.1038/s41746-023-00956-y},
  url       = {https://www.nature.com/articles/s41746-023-00956-y}
}

@article{ref80,
  author    = {Hyeonhoon Lee and Hyun-Lim Yang and Hyuk Goo Ryu and Chiwon Jung and Yong Joon Cho and Seungbeom Yoon and Hyun-Kyung Yoon and Hee-Chang Lee},
  title     = {Real-time machine learning model to predict in-hospital cardiac arrest using heart rate variability in ICU},
  journal   = {npj Digital Medicine},
  year      = 2023, 
  volume    = 6, 
  number    = {}, 
  pages     = {Article no. 215}, 
  doi       = {10.1038/s41746-023-00960-2}, 
  url       = {https://www.nature.com/articles/s41746-023-00960-2} 
}

@article{ref81,
  author    = {M. Nikolova-Simons and R. Keldermann and Y. Peters and W. Compagner and L. Montenij and Y. de Jong and R. A. Bouwman},
  title     = {Predictive analytics for cardio-thoracic surgery duration as a stepstone towards data-driven capacity management},
  journal   = {npj Digital Medicine},
  year      = {2023},
  volume    = {6},
  number    = {},
  pages     = {},
  doi       = {10.1038/s41746-023-00938-0},
  url       = {https://www.nature.com/articles/s41746-023-00938-0}
}

@article{ref82,
  author    = {W. Barker and W. Chang and J. Everson and M. Gabriel and V. Patel and C. Richwine and C. Strawley},
  title     = {The Evolution of Health Information Technology for Enhanced Patient-Centric Care in the United States: Data-Driven Descriptive Study},
  journal   = {Journal of Medical Internet Research},
  year      = {2024},
  volume    = {26},
  number    = {1},
  pages     = {e59791},
  doi       = {10.2196/59791},
  url       = {https://www.jmir.org/2024/1/e59791}
}

@article{ref83,
  author    = {I. J. Borges do Nascimento and M. S. Marcolino and H. M. Abdulazeem and I. Weerasekara and N. Azzopardi-Muscat and M. A. Gon\c{c}alves and D. Novillo-Ortiz},
  title     = {Impact of Big Data Analytics on People’s Health: Overview of Systematic Reviews and Recommendations for Future Studies},
  journal   = {Journal of Medical Internet Research},
  year      = {2021},
  volume    = {23},
  number    = {4},
  pages     = {e27275},
  doi       = {10.2196/27275},
  url       = {https://www.jmir.org/2021/4/e27275/}
}

@article{ref84,
  author    = {M. Wang and S. Li and T. Zheng and N. Li and Q. Shi and X. Zhuo and R. Ding and Y. Huang},
  title     = {Big Data Health Care Platform With Multisource Heterogeneous Data Integration and Massive High-Dimensional Data Governance for Large Hospitals: Design, Development, and Application},
  journal   = {JMIR Medical Informatics},
  year      = {2022},
  volume    = {10},
  number    = {4},
  pages     = {e36481},
  doi       = {10.2196/36481},
  url       = {https://medinform.jmir.org/2022/4/e36481/}
}

@article{ref85,
  author    = {S. Mohammed and T.-H. Kim and R.-S. Chang and C. Ramos},
  title     = {Guest Editorial: Data Analytics for Public Health Care},
  journal   = {IEEE Journal of Biomedical and Health Informatics},
  year      = 2022,
  volume    = 26,
  number    = 4,
  pages     = {1409--1410},
  url       = {https://ieeexplore.ieee.org/document/9757035/}
}

@article{ref86,
  author    = {M. Habib and Z. Wang and S. Qiu and H. Liu and J. Qi and P. Kumar and W. Chen},
  title     = {Machine Learning Based Healthcare System for Investigating the Association Between Depression and Quality of Life},
  journal   = {IEEE Journal of Biomedical and Health Informatics},
  year      = 2022,
  volume    = 26,
  number    = 6,
  pages     = {2795--2805},
  doi       = {10.1109/JBHI.2022.3152053},
  url       = {https://ieeexplore.ieee.org/document/9670709/}
}

@article{ref87,
  author    = {G. Dharmarathne and T. N. Jayasinghe and M. Bogahawaththa and D. Meddage and U. Rathnayake},
  title     = {A novel machine learning approach for diagnosing diabetes with a self-explainable interface},
  journal   = {Healthcare Analytics},
  year      = 2024,
  volume    = {7},
  pages     = {100301},
  doi       = {10.1016/j.health.2024.100301},
  url       = {https://doi.org/10.1016/j.health.2024.100301}
}

@article{ref88,
  author    = {Kavyashree C. and H. S. Vimala and Shreyas J.},
  title     = {A systematic review of artificial intelligence techniques for oral cancer detection},
  journal   = {Healthcare Analytics},
  year      = {2024},
  volume    = {7},
  pages     = {100304},
  doi       = {10.1016/j.health.2024.100304},
  url       = {https://doi.org/10.1016/j.health.2024.100304}
}

@article{ref89,
  author    = {R. A. Rasul and P. K. Saha and D. Bala and S. Karim and Md. I. Abdullah and B. P. Saha},
  title     = {An evaluation of machine learning approaches for early diagnosis of autism spectrum disorder},
  journal   = {Healthcare Analytics},
  year      = 2024,
  volume    = {7},
  pages     = {100293},
  doi       = {10.1016/j.health.2024.100293},
  url       = {https://doi.org/10.1016/j.health.2024.100293}
}

@article{ref90,
  author    = {Badawy, Mohammed and Ramadan, Nagy and Hefny, Hesham Ahmed},
  title     = {Healthcare predictive analytics using machine learning and deep learning techniques: a survey},
  journal   = {Journal of Electrical Systems and Information Technology},
  year      = {2023},
  volume    = {10},
  number    = {},
  pages     = {},
  doi       = {10.1186/s43067-023-00108-y},
  url       = {https://jesit.springeropen.com/articles/10.1186/s43067-023-00108-y}
}

@article{ref91,
  author    = {M. Giuffr\`e and others},
  title     = {Harnessing the power of synthetic data in healthcare},
  journal   = {npj Digital Medicine},
  year      = 2023,
  volume    = {6},
  number    = {},
  pages     = {Article No. 198},
  doi       = {10.1038/s41746-023-00927-3},
  url       = {https://www.nature.com/articles/s41746-023-00927-3}
}

@article{ref92,
  author    = {Mehta, N. and Pandit, Z. and Shukla, S.},
  title     = {Transforming healthcare with big data analytics and artificial intelligence: A systematic mapping study},
  journal   = {Journal of Biomedical Informatics},
  year      = 2019,
  volume    = {100},
  pages     = {Article 103311},
  doi       = {10.1016/J.JBI.2019.103311},
  url       = {https://www.sciencedirect.com/science/article/pii/S1532046419302235}
}

@article{ref93,
  author    = {Lotfi Madaoui and Abbes Amira and Malika Kedir Talha and Oussama Kerdjidj and Yassine Himeur},
  title     = {Image encoding and wearable sensors-based locomotion mode recognition using convolutional recurrent neural networks},
  journal   = {Biomedical Signal Processing and Control},
  year      = 2025,
  volume    = {87},
  number    = {},
  pages     = {107068},
  doi       = {10.1016/j.bspc.2024.107068},
  url       = {https://doi.org/10.1016/j.bspc.2024.107068}
}

@article{ref94,
  author    = {Xiaoxiao Li and Liye Mei and Mengping Long and Jin Huang and Wei Yang and Xin Hao and Yi-qang Liu and Jinxuan Hou and Yu Xu and Fuling Zhou and Dupei Wang and Jianghua Wu and Taobo Hu and Cheng Lei},
  title     = {Accurately matching serial whole slide images for tumor heterogeneity analysis},
  journal   = {Biomedical Signal Processing and Control},
  year      = {2025},
  volume    = {87},
  pages     = {106825},
  doi       = {10.1016/j.bspc.2024.106825},
  url       = {https://doi.org/10.1016/j.bspc.2024.106825}
}

@article{ref95,
  author    = {T. Sch\"ack and M. Muma and M. Feng and C. Guan and A.~M. Zoubir},
  title     = {Robust Nonlinear Causality Analysis of Nonstationary Multivariate Physiological Time Series},
  journal   = {IEEE Transactions on Biomedical Engineering},
  year      = 2018, 
  volume    = 65, 
  number    = 6, 
  pages     = {1213--1225}, 
  url       = {https://ieeexplore.ieee.org/document/7934390} 
}

@article{ref96,
  author    = {T. Nguyen-Ky and H. D. Tuan and A. V. Savkin and M. N. Do and N. T. T. Van},
  title     = {Real-Time EEG Signal Classification for Monitoring and Predicting the Transition Between Different Anaesthetic States},
  journal   = {IEEE Transactions on Biomedical Engineering},
  year      = 2021,
  volume    = 68,
  number    = 5,
  pages     = {1450--1458},
  doi       = {10.1109/TBME.2021.3053019},
  url       = {https://ieeexplore.ieee.org/document/9329155/}
}

@article{ref97,
  author    = {O. W. Samuel and Y. Z. Kulwa and G. Li and R. N. Khushaba and S. S. Ge},
  title     = {Multiresolution Dual-Polynomial Decomposition Approach for Optimized Characterization of Motor Intent in Myoelectric Control Systems},
  journal   = {IEEE Transactions on Biomedical Engineering},
  year      = 2022,
  volume    = {69},
  number    = {10},
  pages     = {3122--3133},
  doi       = {10.1109/tbme.2022.3221799},
  url       = {https://ieeexplore.ieee.org/document/9947222/}
}

@article{ref98,
  author    = {Ijaz Ahmad and Zhenzhen Liu and Lin Li and Inam Ullah and Sunday Timothy Aboyeji and Xin Wang and Oluwarotimi W. Samuel and Guanglin Li and Yuan Tao and Yan Chen and Shixiong Chen},
  title     = {Robust Epileptic Seizure Detection Based on Biomedical Signals Using an Advanced Multi-View Deep Feature Learning Approach},
  journal   = {IEEE Journal of Biomedical and Health Informatics},
  year      = {2024},
  volume    = {28},
  number    = {10},
  pages     = {To appear},
  doi       = {10.1109/JBHI.2024.3350919},
  url       = {https://ieeexplore.ieee.org/document/10517529}
}

@article{ref99,
  author    = {P. Ivaturi and D. Chen and T. M. Talbert and Z. Jiang and W. Xu and G. Quer and M. Gadaleta and D. Jha and J. C. Lin and S. Santini and P. Bonato},
  title     = {A Comprehensive Explanation Framework for Biomedical Time Series Classification},
  journal   = {IEEE Journal of Biomedical and Health Informatics},
  year      = {2021},
  volume    = {25},
  number    = {7},
  pages     = {2398--2408},
  doi       = {10.1109/JBHI.2021.3060997},
  url       = {https://ieeexplore.ieee.org/document/9360451}
}

@article{ref100,
  author    = {A. Song and L. Xu and L. Wang and B. Wang and X. Yang and B. Xu and B. Yang and S. E. Greenwald},
  title     = {Automatic coronary artery segmentation of CCTA images with an efficient feature-fusion-and-rectification 3D-UNet},
  journal   = {IEEE Journal of Biomedical and Health Informatics},
  year      = {2022},
  volume    = {26},
  number    = {8},
  pages     = {4044--4055},
  url       = {https://ieeexplore.ieee.org/document/9405480}
}

@article{ref101,
  author    = {Min-Seo Song and Seung-Bo Lee},
  title     = {Comparative study of time-frequency transformation methods for ECG signal classification},
  journal   = {Frontiers in Signal Processing},
  year      = 2024,
  volume    = {4},
  number    = {},
  pages     = {},
  doi       = {10.3389/frsip.2024.1322334},
  url       = {https://doi.org/10.3389/frsip.2024.1322334}
}

@article{ref102,
  author    = {Ali K. Ibrahim and Hanqi Zhuang and Emmanuelle Tognoli and Ali Muhamed Ali and Nurgun Erdol},
  title     = {Epileptic seizure prediction based on multiresolution convolutional neural networks},
  journal   = {Frontiers in Signal Processing},
  year      = {2023},
  volume    = {2},
  pages     = {1175305},
  doi       = {10.3389/frsip.2023.1175305},
  url       = {https://doi.org/10.3389/frsip.2023.1175305}
}

@article{ref103,
  author    = {Christos Chatzichristos and Lauren Swinnen and Jaiver Macea and Miguel Bhagubai and Wim Van Paesschen and Maarten De Vos},
  title     = {Multimodal detection of typical absence seizures in home environment with wearable electrodes},
  journal   = {Frontiers in Signal Processing},
  year      = {2022},
  volume    = {2},
  pages     = {1014700},
  doi       = {10.3389/frsip.2022.1014700},
  url       = {https://doi.org/10.3389/frsip.2022.1014700}
}

@article{ref104,
  author    = {P. Hu and Z. Huang and D. Peng and X. Wang and X. Peng},
  title     = {Cross-modal retrieval with partially mismatched pairs},
  journal   = {IEEE Transactions on Pattern Analysis and Machine Intelligence},
  year      = 2023,
  volume    = {45},
  number    = {8},
  pages     = {9595--9610},
  url       = {https://ieeexplore.ieee.org/document/10050111/}
}

@article{ref105,
  author    = {F. Ma and C. Liu and C. Aggarwal and J. Gao and J. Han},
  title     = {Self-paced Multi-view Co-training},
  journal   = {Journal of Machine Learning Research},
  year      = 2020,
  volume    = {21},
  number    = {182},
  pages     = {1-31},
  url       = {https://www.jmlr.org/papers/volume21/18-794/18-794.pdf}
}

@article{ref106,
  author    = {M. P. Recht and L. M. White and J. Fritz and D. L. Resnick},
  title     = {Advances in Musculoskeletal Imaging: Recent Developments and Predictions for the Future},
  journal   = {Radiology},
  year      = 2023,
  volume    = 308,
  number    = 2,
  pages     = {e230615},
  doi       = {10.1148/radiol.230615},
  url       = {https://pubmed.ncbi.nlm.nih.gov/37642575/}
}

@article{ref107,
  author    = {P. M. Kumar and U. P. Rao and P. Vijayakumar and N. Chilamkurti and D. Q. Phung and N. Kumaravel},
  title     = {Clouds Proportionate Medical Data Stream Analytics for Internet of Things-Based Healthcare Systems},
  journal   = {IEEE Journal of Biomedical and Health Informatics},
  year      = 2022,
  volume    = 26,
  number    = 3,
  pages     = {973--982},
  url       = {https://ieeexplore.ieee.org/document/9520255/}
}

@article{ref108,
  author    = {S. Indra Priyadharshini and D. Shiny Irene and J. Rene Beulah and N. P. Ponnuviji},
  title     = {Enhancing real-time health monitoring with hybrid recurrent long short-term tyrannosaurus search for menstrual cups},
  journal   = {Biomedical Signal Processing and Control},
  year      = {2025},
  volume    = {87},
  pages     = {107065},
  doi       = {10.1016/j.bspc.2024.107065},
  url       = {https://doi.org/10.1016/j.bspc.2024.107065}
}