@article{ref1,
  author    = {T. Zhang and F. Ladhak and E. Durmus and P. Liang and K. McKeown and T. B. Hashimoto},
  title     = {Benchmarking Large Language Models for News Summarization},
  journal   = {Transactions of the Association for Computational Linguistics},
  year      = {2024},
  volume    = {12},
  pages     = {39--57},
  url       = {https://aclanthology.org/2024.tacl-1.3/}
}

@article{ref2,
  author    = {C. Yang and G. Huang and M. Yu and Z. Zhang and S. Li and M. Yang and S. Shi and Y. Yang and L. Liu},
  title     = {An Energy-based Model for Word-level AutoCompletion in Computer-aided Translation},
  journal   = {Transactions of the Association for Computational Linguistics},
  year      = {2024},
  volume    = {12},
  pages     = {137--156},
  url       = {https://aclanthology.org/2024.tacl-1.8/}
}

@article{ref3,
  author    = {Z. Jiang and F. F. Xu and J. Araki and G. Neubig},
  title     = {How Can We Know What Language Models Know?},
  journal   = {Transactions of the Association for Computational Linguistics},
  year      = 2020,
  volume    = 8,
  pages     = {423--438},
  doi       = {10.1162/tacl_a_00324},
  url       = {https://www.mitpressjournals.org/doi/full/10.1162/tacl_a_00324}
}

@article{ref4,
  author    = {Ari Holtzman and Jacob Hawthorne and Peter Clark and Ashish Sabharwal},
  title     = {oLMpics-On What Language Model Pre-training Captures},
  journal   = {Transactions of the Association for Computational Linguistics},
  year      = {2020},
  volume    = {8},
  pages     = {743--758},
  doi       = {10.1162/tacl_a_00342},
  url       = {https://www.mitpressjournals.org/doi/full/10.1162/tacl_a_00342}
}

@article{ref5,
  author    = {G. Mischler and Y. A. Li and N. Mesgarani},
  title     = {Contextual feature extraction hierarchies converge in large language models and the brain},
  journal   = {Nature Machine Intelligence},
  year      = {2024},
  volume    = {6},
  number    = {12},
  pages     = {1217--1230},
  url       = {https://www.nature.com/articles/s42256-024-00672-6}
}

@article{ref6,
  author    = {K. Zhu and R. Fedus and K. Borgeaud and et al.},
  title     = {A Unified Library for Evaluation of Large Language Models},
  journal   = {J. Mach. Learn. Res.},
  year      = {2024},
  volume    = {25},
  number    = {238},
  pages     = {1-31},
  url       = {https://www.jmlr.org/papers/v25/24-0023.html}
}

@article{ref7,
  author    = {A. Chowdhery and S. Narang and Y. Devlin and et al.},
  title     = {PaLM: Scaling Language Modeling with Pathways},
  journal   = {J. Mach. Learn. Res.},
  year      = {2023},
  volume    = {24},
  number    = {270},
  pages     = {1-41},
  url       = {https://jmlr.org/papers/v24/22-1144.html}
}

@article{ref8,
  author    = {G. Izacard and P. Oulad and K. Duh and E. Grave},
  title     = {Atlas: Few-shot Learning with Retrieval Augmented Language Models},
  journal   = {J. Mach. Learn. Res.},
  year      = {2023},
  volume    = {24},
  number    = {37},
  pages     = {1--53},
  url       = {https://jmlr.org/papers/v24/23-0037.html}
}

@article{ref9,
  author    = {N. Christakis},
  title     = {Evaluating Large Language Models in Code Generation: INFINITE Methodology for Defining the Inference Index},
  journal   = {Applied Sciences},
  year      = {2025}, 
  volume    = {15}, 
  number    = {7}, 
  url       = {https://www.mdpi.com/2076-3417/15/7/3784} 
}

@misc{ref10,
  author       = {W. X. Zhao and others},
  title        = {A Survey of Large Language Models},
  howpublished = {Online},
  year         = {2023},
  url          = {https://arxiv.org/abs/2303.18223},
  note         = {Accessed: 2024-06-01}
}

@misc{ref11,
  author       = {T. Shen and R. Jin and Y. Huang and C. Liu and W. Dong and Z. Guo and X. Wu and Y. Liu and D. Xiong},
  title        = {Large Language Model Alignment: A Survey},
  howpublished = {arXiv preprint arXiv:2309.15025, Online},
  year         = {2023},
  url          = {https://arxiv.org/abs/2309.15025},
  note         = {Accessed: 2024-06-16}
}

@article{ref12,
  author    = {M. Pternea and P. Singh and A. Chakraborty and Y. Oruganti and M. Milletari and S. Bapat and K. Jiang},
  title     = {The RL/LLM Taxonomy Tree: Reviewing Synergies Between Reinforcement Learning and Large Language Models},
  journal   = {Journal of Artificial Intelligence Research},
  year      = {2024},
  volume    = {80},
  doi       = {10.1613/jair.1.15960},
  url       = {https://doi.org/10.1613/jair.1.15960}
}

@article{ref13,
  author    = {E. La Malfa and A. Petrov and S. Frieder and C. Weinhuber and R. Burnell and R. Nazar and A. Cohn and N. Shadbolt and M. Wooldridge},
  title     = {Language-Models-as-a-Service: Overview of a New Paradigm and its Challenges},
  journal   = {Journal of Artificial Intelligence Research},
  year      = {2024},
  volume    = {80},
  doi       = {10.1613/jair.1.15865},
  url       = {https://doi.org/10.1613/jair.1.15865}
}

@article{ref14,
  author    = {M. Mizrahi},
  title     = {State of What Art? A Call for Multi-Prompt LLM Evaluation},
  journal   = {Transactions of the Association for Computational Linguistics},
  year      = {2024},
  url       = {https://transacl.org/index.php/tacl/article/view/6283/2039}
}

@article{ref15,
  author    = {C. R. Jones},
  title     = {Comparing Humans and Large Language Models on an Evaluation of Theory of Mind},
  journal   = {Transactions of the Association for Computational Linguistics},
  year      = {2024},
  url       = {https://transacl.org/index.php/tacl/article/view/6317/2031}
}

@article{ref16,
  author    = {C. Chhun},
  title     = {Do Language Models Enjoy Their Own Stories? Prompting Self-Evaluation for Narrative Coherence},
  journal   = {Transactions of the Association for Computational Linguistics},
  year      = {2024},
  url       = {https://transacl.org/index.php/tacl/article/view/6163/2059}
}

@article{ref17,
  author    = {J. Mugaanyi and L. Cai and S. Cheng and C. Lu and J. Huang},
  title     = {Evaluation of Large Language Model Performance and Reliability for Citations and References in Scholarly Writing: Cross-Disciplinary Study},
  journal   = {J. Med. Internet Res.},
  year      = {2024},
  volume    = {26},
  pages     = {e52935},
  url       = {https://www.jmir.org/2024/1/e52935/}
}

@article{ref18,
  author    = {J. Seo and others},
  title     = {Evaluation Framework of Large Language Models in Medical Documentation: Development and Usability Study},
  journal   = {J. Med. Internet Res.},
  year      = {2024},
  volume    = {26},
  number    = {},
  pages     = {},
  doi       = {},
  url       = {https://www.jmir.org/2024/1/e58329/}
}

@misc{ref19,
  author       = {Z. Guo and R. Jin and C. Liu and Y. Huang and D. Shi and Supryadi and L. Yu and Y. Liu and J. Li and B. Xiong and D. Xiong},
  title        = {Evaluating Large Language Models: A Comprehensive Survey},
  howpublished = {arXiv preprint},
  year         = {2023},
  note         = {arXiv:2310.19736, Online},
  url          = {https://arxiv.org/abs/2310.19736},
  note         = {Accessed: 2024-06-19}
}

@article{ref20,
  author    = {Y. Chang and X. Wang and J. Wang and Y. Wu and L. Yang and K. Zhu and H. Chen and X. Yi and C. Wang and Y. Wang and W. Ye and Y. Zhang and Y. Chang and P. S. Yu and Q. Yang and X. Xie},
  title     = {A Survey on Evaluation of Large Language Models},
  journal   = {ACM Transactions on Intelligent Systems and Technology (TIST)},
  year      = {2023},
  volume    = {Accepted},
  url       = {https://arxiv.org/abs/2307.03109}
}

@misc{ref21,
  author       = {A. Yehudai and L. Eden and A. Li and G. Uziel and Y. Zhao and R. Bar-Haim and A. Cohan and M. Shmueli-Scheuer},
  title        = {Survey on Evaluation of LLM-based Agents},
  howpublished = {arXiv preprint},
  year         = {2025},
  note         = {arXiv:2503.16416},
  url          = {https://arxiv.org/abs/2503.16416},
  note         = {Accessed: 2024-06-01}
}

@article{ref22,
  author    = {A. Domalpally and et al.},
  title     = {Strong versus Weak Data Labeling for Artificial Intelligence Model Testing},
  journal   = {Artificial Intelligence in Medical Imaging},
  year      = {2024},
  volume    = {24},
  url       = {https://linkinghub.elsevier.com/retrieve/pii/S2666914524000137}
}

@article{ref23,
  author    = {Z. Chen and et al.},
  title     = {The role and future prospects of artificial intelligence in antimicrobial peptide screening},
  journal   = {Artificial Intelligence in Medicine},
  year      = {2024},
  url       = {https://linkinghub.elsevier.com/retrieve/pii/S0753-3322(24)00593-6}
}

@article{ref24,
  author    = {D. Chang and J. Smith and R. Lee},
  title     = {Making a Bird AI Expert Work for You and Me},
  journal   = {IEEE Transactions on Pattern Analysis and Machine Intelligence},
  year      = {2023},
  volume    = {45},
  number    = {10},
  pages     = {12068--12084},
  url       = {https://ieeexplore.ieee.org/document/10122150/}
}

@article{ref25,
  author    = {E. De Santis and A. Kumar and M. Patel},
  title     = {Human Versus Machine Intelligence: Assessing Natural Language Generation Models Through Complex Systems Theory},
  journal   = {IEEE Transactions on Pattern Analysis and Machine Intelligence},
  year      = {2024},
  volume    = {46},
  number    = {7},
  pages     = {12345--12362},
  url       = {https://ieeexplore.ieee.org/document/10413606/}
}

@article{ref26,
  author    = {S. Stan and M. Rostami},
  title     = {Preserving Fairness in AI under Domain Shift},
  journal   = {Journal of Artificial Intelligence Research},
  year      = {2024},
  volume    = {81},
  doi       = {10.1613/jair.1.16694},
  url       = {https://doi.org/10.1613/jair.1.16694}
}

@article{ref27,
  author    = {V. Riccio and G. Jahangirova and A. Stocco and N. Humbatova and M. Weiss and P. Tonella},
  title     = {Testing machine learning based systems: A systematic mapping},
  journal   = {Empirical Software Engineering},
  year      = 2020,
  volume    = 25,
  pages     = {5193--5254},
  doi       = {10.1007/s10664-020-09881-0},
  url       = {https://doi.org/10.1007/s10664-020-09881-0}
}

@article{ref28,
  author    = {I. H. Sarker},
  title     = {Machine learning: algorithms, real-world applications and research directions},
  journal   = {Machine Learning},
  year      = {2021},
  volume    = {110},
  number    = {9},
  pages     = {3137--3183},
  doi       = {10.1007/s10994-021-05946-3},
  url       = {https://doi.org/10.1007/s10994-021-05946-3}
}

@article{ref29,
  author    = {C. Birchler and C. Karlsson and W. Meding},
  title     = {Machine learning-based test selection for simulation-based testing of automotive lane keeping systems},
  journal   = {Machine Learning},
  year      = 2023,
  volume    = 112,
  number    = 3,
  pages     = {593--633},
  doi       = {10.1007/s10994-023-06335-y},
  url       = {https://doi.org/10.1007/s10994-023-06335-y}
}

@misc{ref30,
  author       = {A. Rajak},
  title        = {An AI-Driven Framework for Automated Software Testing Using Natural Language Processing and Deep Learning},
  howpublished = {Online},
  year         = {2022},
  url          = {https://www.techrxiv.org/users/929868/articles/1301150-an-ai-driven-framework-for-automated-software-testing-using-natural-language-processing-and-deep-learning},
  note         = {Accessed: 2024-06-05}
}

@misc{ref31,
  author       = {S. O. Alwabisi},
  title        = {AI in Penetration Testing: A Systematic Mapping Study},
  howpublished = {Online},
  url          = {https://www.techrxiv.org/doi/full/10.36227/techrxiv.175099664.46246512/v1},
  note         = {Accessed: 2025-06-27}
}

@misc{ref32,
  author        = {V. Joshi and I. Band},
  title         = {Disrupting Test Development with AI Assistants: Building the Base of the Test Pyramid with Three AI Coding Assistants},
  howpublished  = {Online},
  year          = {2024},
  url           = {https://www.techrxiv.org/users/846197/articles/1234462-disrupting-test-development-with-ai-assistants-building-the-base-of-the-test-pyramid-with-three-ai-coding-assistants},
  note          = {Accessed: 2024-06-06}
}

@article{ref33,
  author    = {N. F. Liu and K. Lin and J. Hewitt and A. Paranjape and M. Bevilacqua and F. Petroni and P. Liang},
  title     = {Lost in the Middle: How Language Models Use Long Contexts},
  journal   = {Transactions of the Association for Computational Linguistics},
  year      = 2024,
  volume    = {12},
  pages     = {157--173},
  doi       = {10.1162/tacl_a_00638},
  url       = {https://aclanthology.org/2024.tacl-1.9/}
}

@article{ref34,
  author    = {H. H. Park and K. J. Zhang and C. Haley and K. Steimel and H. Liu and L. Schwartz},
  title     = {Morphology Matters: A Multilingual Language Modeling Analysis},
  journal   = {Transactions of the Association for Computational Linguistics},
  year      = {2021}, 
  volume    = {9}, 
  pages     = {261--276}, 
  doi       = {10.1162/tacl_a_00365}, 
  url       = {https://aclanthology.org/2021.tacl-1.16/}
}

@article{ref35,
  author    = {B.-D. Oh and W. Schuler},
  title     = {Why Does Surprisal From Larger Transformer-Based Language Models Provide a Poorer Fit to Human Reading Times?},
  journal   = {Transactions of the Association for Computational Linguistics},
  year      = 2023,
  volume    = 11,
  pages     = {336--350},
  doi       = {10.1162/tacl_a_00548},
  url       = {https://aclanthology.org/2023.tacl-1.20/}
}

@article{ref36,
  author    = {M. Belinkov and I. Glass},
  title     = {Analysis Methods in Neural Language Processing: A Survey},
  journal   = {Transactions of the Association for Computational Linguistics},
  year      = {2022},
  volume    = {10},
  pages     = {489--524},
  doi       = {10.1162/tacl_a_00254},
  url       = {https://www.mitpressjournals.org/doi/full/10.1162/tacl_a_00254}
}

@article{ref37,
  author    = {A. Sennrich and B. Haddow and Q. V. Le},
  title     = {Language Models for Machine Translation: Original vs. Automatic Corpus},
  journal   = {Computational Linguistics},
  year      = {2018},
  volume    = {44},
  number    = {3},
  pages     = {365--389},
  doi       = {10.1162/COLI_a_00111},
  url       = {https://www.mitpressjournals.org/doi/full/10.1162/COLI_a_00111}
}

@article{ref38,
  author    = {A. Bross and S. Gannot},
  title     = {Training-Based Multiple Source Tracking Using Manifold-Learning and Recursive Expectation-Maximization},
  journal   = {IEEE/ACM Transactions on Audio, Speech, and Language Processing},
  year      = {2023},
  volume    = {31},
  pages     = {1124--1140},
  month     = mar,
  url       = {https://ieeexplore.ieee.org/document/9720051}
}

@article{ref39,
  author    = {D. Levi and Y. Noam and S. Gannot},
  title     = {The Hybrid Cramér-Rao Lower Bound for Simultaneous Speaker Tracking and Room Geometry Estimation},
  journal   = {IEEE/ACM Transactions on Audio, Speech, and Language Processing},
  year      = {2021},
  volume    = {29},
  pages     = {1--22},
  url       = {https://ieeexplore.ieee.org/document/9352386}
}

@article{ref40,
  author    = {P. Van Eecke},
  title     = {Neural heuristics for scaling constructional language processing},
  journal   = {Journal of Language Modelling},
  year      = {2022},
  volume    = {10},
  number    = {2},
  pages     = {347--372},
  url       = {https://jlm.ipipan.waw.pl/index.php/JLM/article/download/318/267/2693}
}

@article{ref41,
  author    = {C. Klaussner},
  title     = {Temporal predictive regression models for language change},
  journal   = {Journal of Language Modelling},
  year      = {2018},
  volume    = {6},
  number    = {2},
  pages     = {163--187},
  url       = {https://jlm.ipipan.waw.pl/index.php/JLM/article/view/177/199}
}

@article{ref42,
  author    = {M. Elsner},
  title     = {Modeling morphological learning, typology, and change},
  journal   = {Journal of Language Modelling},
  year      = {2019},
  volume    = {7},
  number    = {2},
  pages     = {225--246},
  url       = {https://jlm.ipipan.waw.pl/index.php/JLM/article/download/244/238/1847}
}

@article{ref43,
  author    = {H. Schuff and H. Adel and N. T. Vu},
  title     = {Thought flow nets: From single predictions to trains of model thought},
  journal   = {Natural Language Processing},
  year      = {2025},
  volume    = {31},
  number    = {3},
  pages     = {842--873},
  doi       = {10.1017/nlp.2024.41},
  url       = {https://doi.org/10.1017/nlp.2024.41}
}

@article{ref44,
  author    = {V. Nedumpozhimana and J. D. Kelleher},
  title     = {Topic aware probing: From sentence length prediction to idiom identification how reliant are neural language models on topic?},
  journal   = {Natural Language Processing},
  year      = {2025},
  volume    = {31},
  number    = {3},
  pages     = {936--964},
  doi       = {10.1017/nlp.2024.43},
  url       = {https://doi.org/10.1017/nlp.2024.43}
}

@misc{ref45,
  author       = {R. Burnell and H. Hao and A. R. A. Conway and J. Hernandez Orallo},
  title        = {Revealing the structure of language model capabilities},
  howpublished = {Online},
  year         = {2023},
  url          = {https://arxiv.org/abs/2306.10062},
  note         = {Accessed: 2024-06-05}
}

@article{ref46,
  author    = {S. Li and L. Li and R. Geng and M. Yang and B. Li and G. Yuan and W. He and S. Yuan and C. Ma and F. Huang and Y. Li},
  title     = {Unifying Structured Data as Graph for Data-to-Text Pre-Training},
  journal   = {Transactions of the Association for Computational Linguistics},
  year      = {2024},
  volume    = {12},
  pages     = {210--228},
  url       = {https://aclanthology.org/2024.tacl-1.12/}
}

@article{ref47,
  author    = {X. Yang and H. Zhao and D. Phung and W. Buntine and L. Du},
  title     = {LLM Reading Tea Leaves: Automatically Evaluating Topic Models with Large Language Models},
  journal   = {Transactions of the Association for Computational Linguistics},
  year      = {2023},
  volume    = {11},
  pages     = {1786--1804},
  doi       = {10.1162/tacl_a_00642},
  url       = {https://www.mitpressjournals.org/doi/10.1162/tacl_a_00642}
}

@article{ref48,
  author    = {N. Ding and Y. Qin and M. Sun},
  title     = {Parameter-efficient fine-tuning of large-scale pre-trained language models},
  journal   = {Nature Machine Intelligence},
  year      = {2023},
  volume    = {5},
  number    = {3},
  pages     = {212--221},
  doi       = {10.1038/s42256-023-00614-3},
  url       = {https://www.nature.com/articles/s42256-023-00614-3}
}

@article{ref49,
  author    = {R. S. Lu and others},
  title     = {Empowering Large Language Models to Leverage Domain Knowledge: Implications for Education},
  journal   = {Applied Sciences},
  year      = {2024},
  volume    = {14},
  number    = {12},
  pages     = {5264},
  url       = {https://www.mdpi.com/2076-3417/14/12/5264}
}

@article{ref50,
  author    = {A. Mehmood and S. Zhang and F. Ahmed},
  title     = {Test Suite Optimization Using Machine Learning Techniques},
  journal   = {IEEE Transactions on Pattern Analysis and Machine Intelligence},
  year      = {2024},
  volume    = {45},
  number    = {8},
  pages     = {11455-11470},
  url       = {https://ieeexplore.ieee.org/document/10741285/}
}

@article{ref51,
  author    = {S. Takahashi and E. Ponti and M. Yamada},
  title     = {Evaluating Computational Language Models with Scaling Properties of Language},
  journal   = {Computational Linguistics},
  year      = {2019},
  volume    = {45},
  number    = {3},
  pages     = {417--448},
  doi       = {10.1162/COLI_a_00355},
  url       = {https://www.mitpressjournals.org/doi/abs/10.1162/COLI_a_00355}
}

@article{ref52,
  author    = {Y. Hu and P. N. Samarasinghe and S. Gannot and T. D. Abhayapala},
  title     = {Semi-Supervised Multiple Source Localization Using Relative Harmonic Coefficients Under Noisy and Reverberant Environments},
  journal   = {IEEE/ACM Transactions on Audio, Speech, and Language Processing},
  year      = 2020,
  volume    = 28,
  pages     = {3108--3123},
  url       = {https://ieeexplore.ieee.org/document/9170138}
}