@article{ref1,
  author    = {B. Das and M. Majumder and S. Phadikar and S. A. Ahmed},
  title     = {Automatic question generation and answer assessment: a survey},
  journal   = {Research and Practice in Technology Enhanced Learning},
  year      = 2021,
  volume    = {16},
  number    = {5},
  pages     = {1-42},
  url       = {https://rptel.apsce.net/index.php/RPTEL/article/download/2021-16005/29/62}
}

@article{ref2,
  author    = {D. Pugh and M. D. O'Reilly and C. Jasper},
  title     = {Can automated item generation be used to develop high-quality multiple-choice questions for medical education? A comparative study},
  journal   = {Research and Practice in Technology Enhanced Learning},
  year      = 2020,
  volume    = {15},
  number    = {12},
  pages     = {1--22},
  url       = {https://rptel.apsce.net/index.php/RPTEL/article/download/2020-15012/68/141}
}

@article{ref3,
  author    = {R. Nakamoto and A. Iwasawa and N. Takahashi and R. Oka},
  title     = {Unsupervised techniques for generating a standard explanatory sentence for self-explanatory mathematics},
  journal   = {Research and Practice in Technology Enhanced Learning},
  year      = 2024,
  volume    = {19},
  number    = {16},
  pages     = {1--15},
  url       = {https://rptel.apsce.net/index.php/RPTEL/article/download/2024-19016/2024-19016}
}

@article{ref4,
  author    = {Steuer, Tim and Filighera, Anna and Tregel, Thomas and Miede, André},
  title     = {Educational Automatic Question Generation Improves Reading Comprehension in Non-native Speakers: A Learner-Centric Case Study},
  journal   = {Frontiers in Artificial Intelligence},
  year      = 2022,
  volume    = {5},
  pages     = {900304},
  doi       = {10.3389/frai.2022.900304},
  url       = {https://www.frontiersin.org/articles/10.3389/frai.2022.900304/full}
}

@article{ref5,
  author    = {Guerra-Tamez, Cristobal Rodolfo and Kraul Flores, Keila and Serna-Mendiburu, Gabriela Mariah and Chavelas Robles, David and Ibarra Cortés, Jorge},
  title     = {Decoding Gen Z: AI's influence on brand trust and purchasing behavior},
  journal   = {Frontiers in Artificial Intelligence},
  year      = {2024},
  volume    = {7},
  articleno = {1323512},
  doi       = {10.3389/frai.2024.1323512},
  url       = {https://www.frontiersin.org/articles/10.3389/frai.2024.1323512/full}
}

@article{ref6,
  author    = {Mark Esposito and Saman Sarbazvatan and Terence Tse and Gabriel Silva-Atencio},
  title     = {The use of artificial intelligence for automatic analysis and reporting of software defects},
  journal   = {Frontiers in Artificial Intelligence},
  year      = {2024},
  volume    = {7},
  pages     = {1443956},
  doi       = {10.3389/frai.2024.1443956},
  url       = {https://www.frontiersin.org/articles/10.3389/frai.2024.1443956/full}
}

@article{ref7,
  author    = {M. Imran and N. Almusharraf},
  title     = {Google Gemini as a next generation AI educational tool: a review of emerging educational technology},
  journal   = {Smart Learning Environments},
  year      = 2024,
  volume    = {11},
  number    = {},
  pages     = {22},
  doi       = {10.1186/s40561-024-00310-z},
  url       = {https://slejournal.springeropen.com/articles/10.1186/s40561-024-00310-z}
}

@article{ref8,
  author    = {Hiran Ferreira and Guilherme P. de Oliveira and Rafael Araújo and Fabiano Dorça and Renan Cattelan},
  title     = {Technology-enhanced assessment visualization for smart learning environments},
  journal   = {Smart Learning Environments},
  year      = 2019,
  volume    = {6},
  number    = {},
  pages     = {14},
  doi       = {10.1186/s40561-019-0096-z},
  url       = {https://slejournal.springeropen.com/articles/10.1186/s40561-019-0096-z}
}

@article{ref9,
  author    = {Chien-Chang Lin and Anna Y. Q. Huang and Owen H. T. Lu},
  title     = {Artificial intelligence in intelligent tutoring systems toward sustainable education: a systematic review},
  journal   = {Smart Learning Environments},
  year      = 2023,
  volume    = {10},
  number    = {},
  pages     = {41},
  doi       = {10.1186/s40561-023-00260-y},
  url       = {https://slejournal.springeropen.com/articles/10.1186/s40561-023-00260-y}
}

@article{ref10,
  author    = {Yidong Wang and Qi Guo and Wenjin Yao and Hongbo Zhang and Xin Zhang and Zhen Wu and Meishan Zhang and Xinyu Dai and Min Zhang and Qingsong Wen and Wei Ye and Shikun Zhang and Yue Zhang},
  title     = {AutoSurvey: Large Language Models Can Automatically Write Surveys},
  journal   = {arXiv preprint arXiv:2406.10252},
  year      = {2024},
  url       = {https://arxiv.org/abs/2406.10252}
}

@article{ref11,
  author    = {Xun Liang and Jiawei Yang and Yezhaohui Wang and Chen Tang and Zifan Zheng and Shichao Song and Zehao Lin and Yebin Yang and Simin Niu and Hanyu Wang and Bo Tang and Feiyu Xiong and Keming Mao and Zhiyu Li},
  title     = {SurveyX: Academic Survey Automation via Large Language Models},
  journal   = {arXiv preprint arXiv:2502.14776},
  year      = 2025,
  url       = {https://arxiv.org/abs/2502.14776}
}

@article{ref12,
  author    = {Xiangchao Yan and Shiyang Feng and Jiakang Yuan and Renqiu Xia and Bin Wang and Bo Zhang and Lei Bai},
  title     = {SurveyForge: On the Outline Heuristics, Memory-Driven Generation, and Multi-dimensional Evaluation for Automated Survey Writing},
  journal   = {arXiv preprint arXiv:2503.04629 [cs.CL]},
  year      = {2025},
  url       = {https://arxiv.org/abs/2503.04629}
}

@article{ref13,
  author    = {S. Hu and C. Lu and J. Clune},
  title     = {Automated Design of Agentic Systems},
  journal   = {arXiv preprint arXiv:2408.08435 [cs.AI]},
  year      = {2025},
  url       = {https://arxiv.org/abs/2408.08435}
}

@article{ref14,
  author    = {F. Bousetouane},
  title     = {Agentic Systems: A Guide to Transforming Industries with Vertical AI Agents},
  journal   = {arXiv preprint arXiv:2501.00881},
  year      = 2025,
  url       = {https://arxiv.org/abs/2501.00881}
}

@article{ref15,
  author    = {E. Miehling and K. Natesan Ramamurthy and K. R. Varshney and M. Riemer and D. Bouneffouf and J. T. Richards and A. Dhurandhar and E. M. Daly and M. Hind and P. Sattigeri and D. Wei and A. Rawat and J. Gajcin and W. Geyer},
  title     = {Agentic AI Needs a Systems Theory},
  journal   = {arXiv preprint arXiv:2503.00237},
  year      = {2025},
  url       = {https://arxiv.org/abs/2503.00237}
}

@article{ref16,
  author    = {K. Sowa and A. Przegalinska},
  title     = {From Expert Systems to Generative Artificial Experts: A New Concept for Human-AI Collaboration in Knowledge Work},
  journal   = {Journal of Artificial Intelligence Research},
  year      = {2025},
  volume    = {82},
  doi       = {10.1613/jair.1.17175},
  url       = {https://doi.org/10.1613/jair.1.17175}
}

@article{ref17,
  author    = {D. Dell'Anna and N. Alechina and F. Dalpiaz and M. Dastani and B. Logan},
  title     = {Data-Driven Revision of Conditional Norms in Multi-Agent Systems},
  journal   = {Journal of Artificial Intelligence Research},
  year      = {2022}, 
  volume    = {75}, 
  pages     = {1377--1418}, 
  doi       = {10.1613/jair.1.13683}, 
  url       = {https://doi.org/10.1613/jair.1.13683}
}

@article{ref18,
  author    = {J. Fu and A. Tacchetti and J. Perolat and Y. Bachrach},
  title     = {Evaluating Strategic Structures in Multi-Agent Inverse Reinforcement Learning},
  journal   = {Journal of Artificial Intelligence Research},
  year      = 2021,
  volume    = {71},
  pages     = {953--993},
  doi       = {10.1613/jair.1.12594},
  url       = {https://doi.org/10.1613/jair.1.12594}
}

@article{ref19,
  author    = {Archana Rani and Naresh Grover and N. Deepa and C. Prajitha},
  title     = {A smart agent-based approach for privacy preservation and threat mitigation to enhance security in the Internet of Medical Things},
  journal   = {Journal of Autonomous Intelligence},
  year      = 2024,
  volume    = {7},
  number    = {5},
  pages     = {1-17},
  url       = {https://jai.front-sci.com/index.php/jai/article/view/1629}
}

@article{ref20,
  author    = {Ahmed Srhir and Tomader Mazri and Manale Boughanja},
  title     = {Smart parking: Multi-agent approach, architecture, and workflow},
  journal   = {Journal of Autonomous Intelligence},
  year      = 2024,
  volume    = {7},
  number    = {4},
  pages     = {1-16},
  url       = {https://jai.front-sci.com/index.php/jai/article/view/1376}
}

@article{ref21,
  author    = {K. Lannelongue and M. de Milly and R. Marcucci and S. Selevarangame and A. Supizet and A. Grincourt},
  title     = {Compositional grounded language for agent communication in reinforcement learning environment},
  journal   = {Journal of Autonomous Intelligence},
  year      = 2019,
  volume    = {2},
  number    = {1},
  pages     = {22--44},
  url       = {https://jai.front-sci.com/index.php/jai/article/view/56}
}

@article{ref22,
  author    = {Xinyi Li and Sai Wang and Siqi Zeng and Yu Wu and Yi Yang},
  title     = {A survey on LLM-based multi-agent systems: workflow, infrastructure, and challenges},
  journal   = {Vicinagearth},
  year      = {2024},
  volume    = {1},
  pages     = {1--57},
  doi       = {10.1007/s44336-024-00009-2},
  url       = {https://doi.org/10.1007/s44336-024-00009-2}
}

@article{ref23,
  author    = {Anetta Jedličková},
  title     = {Ethical approaches in designing autonomous and intelligent systems: a comprehensive survey towards responsible development},
  journal   = {AI \& Society},
  year      = {2024}, 
  volume    = {}, 
  number    = {}, 
  pages     = {}, 
  doi       = {10.1007/s00146-024-02040-9}, 
  url       = {https://doi.org/10.1007/s00146-024-02040-9}
}

@article{ref24,
  author    = {Herman Veluwenkamp and Stefan Buijsman},
  title     = {Design for operator contestability: control over autonomous systems by introducing defeaters},
  journal   = {AI and Ethics},
  year      = 2025, 
  doi       = {10.1007/s43681-025-00657-0}, 
  url       = {https://doi.org/10.1007/s43681-025-00657-0}
}

@article{ref25,
  author    = {N. V. Blamah and A. A. Oluyinka and G. Wajiga and Y. B. Baha},
  title     = {MAPSOFT: A Multi-Agent based Particle Swarm Optimization Framework for Travelling Salesman Problem},
  journal   = {Journal of Intelligent Systems},
  year      = {2020},
  volume    = {30},
  number    = {1},
  pages     = {413--428},
  doi       = {10.1515/jisys-2020-0080},
  url       = {https://www.degruyterbrill.com/document/doi/10.1515/jisys-2020-0080/html}
}

@article{ref26,
  author    = {Gong, Shuanglei},
  title     = {Transition from machine intelligence to knowledge intelligence: A multi-agent simulation approach to technology transfer},
  journal   = {Journal of Intelligent Systems},
  year      = 2024,
  volume    = {33},
  number    = {1},
  pages     = {20230320},
  doi       = {10.1515/jisys-2023-0320},
  url       = {https://www.degruyterbrill.com/document/doi/10.1515/jisys-2023-0320/html}
}

@article{ref27,
  author    = {S. Ariffin Kashinath and S. A. Mostafa and D. Lim and A. Mustapha and H. Hafit and R. Darman},
  title     = {A general framework of multiple coordinative data fusion modules for real-time and heterogeneous data sources},
  journal   = {Journal of Intelligent Systems},
  year      = 2021,
  volume    = 30,
  number    = 1,
  pages     = {947--965},
  doi       = {10.1515/jisys-2021-0120},
  url       = {https://www.degruyterbrill.com/document/doi/10.1515/jisys-2021-0120/html}
}

@article{ref28,
  author    = {B. Tóth and L. Berek and L. Gulácsi and M. Péntek and Z. Zrubka},
  title     = {Automation of systematic reviews of biomedical literature: a scoping review of studies indexed in PubMed},
  journal   = {Systematic Reviews},
  year      = 2024,
  volume    = {13},
  number    = {1},
  pages     = {Article no. 174},
  url       = {https://systematicreviewsjournal.biomedcentral.com/articles/10.1186/s13643-024-02592-3}
}

@article{ref29,
  author    = {K. E. K. Chai and R. L. J. Lines and D. F. Gucciardi and L. Ng},
  title     = {Research Screener: a machine learning tool to semi-automate abstract screening for systematic reviews},
  journal   = {Systematic Reviews},
  year      = 2021,
  volume    = {10},
  number    = {},
  pages     = {Article no. 93},
  doi       = {10.1186/s13643-021-01635-3},
  url       = {https://systematicreviewsjournal.biomedcentral.com/articles/10.1186/s13643-021-01635-3}
}

@article{ref30,
  author    = {Yuelun Zhang and Siyu Liang and Yunying Feng and Qing Wang and Feng Sun and Shi Chen and Yiying Yang and Xin He and Huijuan Zhu and Hui Pan},
  title     = {Automation of literature screening using machine learning in medical evidence synthesis: a diagnostic test accuracy systematic review protocol},
  journal   = {Systematic Reviews},
  year      = {2022},
  volume    = {11},
  number    = {},
  pages     = {11},
  doi       = {10.1186/s13643-021-01881-5},
  url       = {https://systematicreviewsjournal.biomedcentral.com/articles/10.1186/s13643-021-01881-5}
}

@article{ref31,
  author    = {K. Cowie and A. Rahmatullah and N. Hardy and K. Holub and K. Kallmes},
  title     = {Web-Based Software Tools for Systematic Literature Review in Medicine: Systematic Search and Feature Analysis},
  journal   = {JMIR Medical Informatics},
  year      = 2022,
  volume    = {10},
  number    = {5},
  pages     = {e33219},
  doi       = {10.2196/33219},
  url       = {https://medinform.jmir.org/2022/5/e33219}
}

@article{ref32,
  author    = {E. Orel and I. Ciglenecki and A. Thiabaud and A. Temerev and A. Calmy and O. Keiser and A. Merzouki},
  title     = {An Automated Literature Review Tool (LiteRev) for Streamlining and Accelerating Research Using Natural Language Processing and Machine Learning: Descriptive Performance Evaluation Study},
  journal   = {Journal of Medical Internet Research},
  year      = 2023, 
  volume    = {25}, 
  pages     = {e39736}, 
  doi       = {10.2196/39736}, 
  url       = {https://www.jmir.org/2023/1/e39736/}
}

@article{ref33,
  author    = {E. Guo and M. Gupta and J. Deng and Y.-J. Park and M. Paget and C. Naugler},
  title     = {Automated Paper Screening for Clinical Reviews Using Large Language Models: Data Analysis Study},
  journal   = {Journal of Medical Internet Research},
  year      = 2024, 
  volume    = {26}, 
  pages     = {e48996},
  doi       = {10.2196/48996}, 
  url       = {https://www.jmir.org/2024/1/e48996}
}

@article{ref34,
  author    = {K. Kolaski and L. Romeiser Logan and J. P. A. Ioannidis},
  title     = {Guidance to best tools and practices for systematic reviews},
  journal   = {JBI Evidence Synthesis},
  year      = 2023,
  volume    = {21},
  number    = {9},
  pages     = {1699--1731},
  doi       = {10.11124/JBIES-23-00139},
  url       = {https://journals.lww.com/jbisrir/fulltext/2023/09000/guidance_to_best_tools_and_practices_for.2.aspx}
}

@article{ref35,
  author    = {Z. Munn},
  title     = {Software to support the systematic review process: the Joanna Briggs Institute System for the Unified Management, Assessment and Review of Information (JBI-SUMARI)},
  journal   = {JBI Evidence Synthesis},
  year      = {2016},
  volume    = {14},
  number    = {10},
  pages     = {1},
  doi       = {10.11124/JBISRIR-2016-002421},
  url       = {https://journals.lww.com/jbisrir/fulltext/2016/10000/software_to_support_the_systematic_review_process_.1.aspx}
}

@article{ref36,
  author    = {N. F. Ali and M. M. Mohtasim and S. Mosharrof and T. G. Krishna},
  title     = {Automated Literature Review Using NLP Techniques and LLM-Based Retrieval-Augmented Generation},
  journal   = {arXiv preprint arXiv:2411.18583},
  year      = {2024},
  url       = {https://arxiv.org/abs/2411.18583}
}

@article{ref37,
  author    = {G. Sundaram and D. Berleant},
  title     = {Automating Systematic Literature Reviews with Natural Language Processing and Text Mining: a Systematic Literature Review},
  journal   = {arXiv preprint arXiv:2211.15397},
  year      = 2023,
  url       = {https://arxiv.org/abs/2211.15397}
}

@article{ref38,
  author    = {J. de la Torre-L{\'o}pez and A. Ram{\'i}rez and J. R. Romero},
  title     = {Artificial intelligence to automate the systematic review of scientific literature},
  journal   = {Computing},
  year      = {2023},
  volume    = {105},
  pages     = {2171--2194},
  doi       = {10.1007/s00607-023-01181-x},
  url       = {https://arxiv.org/abs/2401.10917}
}

@article{ref39,
  author    = {Kathleen C. Fraser and Hillary Dawkins and Svetlana Kiritchenko},
  title     = {Detecting AI-Generated Text: Factors Influencing Detectability with Current Methods},
  journal   = {Journal of Artificial Intelligence Research},
  year      = 2023, 
  volume    = {79}, 
  pages     = {1--52}, 
  url       = {https://jair.org/index.php/jair/article/view/14438} 
}

@article{ref40,
  author    = {Tammy Zhong and Yang Song and Raynaldio Limarga and Maurice Pagnucco},
  title     = {Computational Machine Ethics: A Survey},
  journal   = {Journal of Artificial Intelligence Research},
  year      = 2023, 
  volume    = {77}, 
  pages     = {795--841}, 
  doi       = {10.1613/jair.1.14302}, 
  url       = {https://jair.org/index.php/jair/article/view/14302}
}

@article{ref41,
  author    = {Giorgio Franceschelli and Mirco Musolesi},
  title     = {Reinforcement Learning for Generative AI: State of the Art, Opportunities and Open Research Challenges},
  journal   = {Journal of Artificial Intelligence Research},
  year      = {2023},
  volume    = {78},
  pages     = {859--899},
  url       = {https://jair.org/index.php/jair/article/view/14369}
}

@article{ref42,
  author    = {Jie Zhou and Ganqu Cui and Shengding Hu and Zhengyan Zhang and Chengyang Yang and Zhiyuan Liu and Lifeng Wang and Changcheng Li and Maosong Sun},
  title     = {Graph neural networks: A review of methods and applications},
  journal   = {AI Open},
  year      = 2020, 
  volume    = {1}, 
  pages     = {57--81}, 
  doi       = {10.1016/j.aiopen.2021.01.001}, 
  url       = {https://www.sciencedirect.com/science/article/pii/S2666651020300016}
}

@article{ref43,
  author    = {T. Lin and Y. Wang and X. Liu and X. Qiu},
  title     = {A survey of transformers},
  journal   = {AI Open},
  year      = 2022,
  volume    = {3},
  pages     = {111--132},
  url       = {https://www.sciencedirect.com/science/article/pii/S2666651022000163}
}

@article{ref44,
  author    = {Bohan Li and Yutai Hou and Wanxiang Che},
  title     = {Data augmentation approaches in natural language processing: A survey},
  journal   = {AI Open},
  year      = 2022,
  volume    = {3},
  pages     = {106--110},
  doi       = {10.1016/j.aiopen.2022.03.001},
  url       = {https://www.sciencedirect.com/science/article/pii/S2666651022000102}
}

@article{ref45,
  author    = {C. Dalvi and M. Rathod and S. Patil and S. Gite and K. Kotecha},
  title     = {A Survey of AI-Based Facial Emotion Recognition: Features, ML \& DL Techniques, Age-Wise Datasets and Future Directions},
  journal   = {IEEE Access},
  year      = 2021, 
  volume    = {9}, 
  pages     = {165806--165840}, 
  doi       = {10.1109/ACCESS.2021.3137226}, 
  url       = {https://ieeexplore.ieee.org/document/9631205}
}

@article{ref46,
  author    = {E. Mendez Guzman and V. Schlegel and R. Batista-Navarro},
  title     = {From outputs to insights: a survey of rationalization approaches for explainable text classification},
  journal   = {Frontiers in Artificial Intelligence},
  year      = {2024},
  volume    = {7},
  pages     = {Article 1363531},
  url       = {https://www.frontiersin.org/articles/10.3389/frai.2024.1363531/full}
}

@article{ref47,
  author    = {S. Gurrapu and A. Kulkarni and L. Huang and I. Lourentzou and F. A. Batarseh},
  title     = {Rationalization for explainable NLP: a survey},
  journal   = {Frontiers in Artificial Intelligence},
  year      = 2023, 
  volume    = {6}, 
  pages     = {Article 1225093}, 
  url       = {https://www.frontiersin.org/articles/10.3389/frai.2023.1225093/full}
}

@article{ref48,
  author    = {M. Afzaal and J. Nouri and A. Zia and P. Papapetrou and U. Fors and Y. Wu and X. Li and R. Weegar},
  title     = {Explainable AI for data-driven feedback and intelligent action recommendations to support students self-regulation},
  journal   = {Frontiers in Artificial Intelligence},
  year      = {2021},
  volume    = {4},
  pages     = {723447},
  doi       = {10.3389/frai.2021.723447},
  url       = {https://www.frontiersin.org/articles/10.3389/frai.2021.723447/full}
}

@article{ref49,
  author    = {A. Yehudai and L. Eden and A. Li and G. Uziel and Y. Zhao and R. Bar-Haim and A. Cohan and M. Shmueli-Scheuer},
  title     = {Survey on Evaluation of LLM-based Agents},
  journal   = {arXiv preprint arXiv:2503.16416},
  year      = {2025},
  month     = {mar},
  url       = {https://arxiv.org/abs/2503.16416}
}

@misc{ref50,
  author    = {J. Prather and J. Leinonen and N. Kiesler and J. G. Benario and S. Lau and S. MacNeil and N. Norouzi and S. Opel and V. Pettit and L. Porter and B. N. Reeves and J. Savelka and D. H. Smith IV and S. Strickroth and D. Zingaro},
  title     = {Beyond the Hype: A Comprehensive Review of Current Trends in Generative AI Research, Teaching Practices, and Tools},
  howpublished = {arXiv preprint arXiv:2412.14732, to appear in Proceedings of the 2024 Working Group Reports on Innovation and Technology in Computer Science Education (ITiCSE-WGR 2024)},
  year      = {2024},
  month     = {Dec},
  url       = {https://arxiv.org/abs/2412.14732},
  note      = {Accessed: 2024-06-13}
}

@article{ref51,
  author    = {L. Buess and M. Keicher and N. Navab and A. Maier and S. Tayebi Arasteh},
  title     = {From large language models to multimodal AI: A scoping review on the potential of generative AI in medicine},
  journal   = {arXiv preprint arXiv:2502.09242},
  year      = {2025},
  url       = {https://arxiv.org/abs/2502.09242}
}

@article{ref52,
  author    = {S. L. Rhodes and S. A. Crabtree and J. Freeman},
  title     = {An Agent-Based Model of Hierarchical Information-Sharing Organizations in Asynchronous Environments},
  journal   = {Journal of Artificial Societies and Social Simulation},
  year      = {2024},
  volume    = {27},
  number    = {2},
  pages     = {2},
  url       = {https://www.jasss.org/27/2/2.html}
}

@article{ref53,
  author    = {Michael Belfrage and Emil Johansson and Fabian Lorig and Paul Davidsson},
  title     = {[In]Credible Models -- Verification, Validation \& Accreditation of Agent-Based Models to Support Policy-Making},
  journal   = {Journal of Artificial Societies and Social Simulation},
  year      = {2024},
  volume    = {27},
  number    = {4},
  pages     = {4},
  doi       = {10.18564/jasss.5505},
  url       = {https://www.jasss.org/27/4/4.html}
}

@article{ref54,
  author    = {K. Padur and H. Borrion and S. Hailes},
  title     = {Using Agent-Based Modelling and Reinforcement Learning to Study Hybrid Threats},
  journal   = {Journal of Artificial Societies and Social Simulation},
  year      = 2025,
  volume    = {28},
  number    = {1},
  pages     = {1},
  url       = {https://www.jasss.org/28/1/1.html}
}

@inproceedings{ref55,
  author    = {D. J. Rosenkrantz and M. V. Marathe and Z. Qiu and S. S. Ravi and R. E. Stearns},
  title     = {On Some Fundamental Problems for Multi-Agent Systems Over Multilayer Networks},
  booktitle = {Proceedings of the 24th International Conference on Autonomous Agents and Multi-Agent Systems (AAMAS 2025)},
  address   = {Detroit, MI},
  month     = {May},
  year      = {2025},
  url       = {https://arxiv.org/abs/2503.12684}
}

@article{ref56,
  author    = {F. Adobbati and {\L}. Mikulski},
  title     = {Asynchronous Multi-Agent Systems with Petri nets},
  journal   = {arXiv preprint arXiv:2504.00602},
  year      = 2025,
  url       = {https://arxiv.org/abs/2504.00602}
}

@article{ref57,
  author    = {D. Deplano and N. Bastianello and M. Franceschelli and K. H. Johansson},
  title     = {Optimization and Learning in Open Multi-Agent Systems},
  journal   = {arXiv preprint arXiv:2501.16847},
  year      = {2025},
  url       = {https://arxiv.org/abs/2501.16847}
}

@article{ref58,
  author    = {A. Domenteanu and C. Delcea and N. Chiriță and C. Ioanăș},
  title     = {From Data to Insights: A Bibliometric Assessment of Agent-Based Modeling Applications in Transportation},
  journal   = {Applied Sciences},
  year      = 2023,
  volume    = {13},
  number    = {23},
  pages     = {12693},
  doi       = {10.3390/app132312693},
  url       = {https://doi.org/10.3390/app132312693}
}

@article{ref59,
  author    = {C. Delcea and R. J. Milne and L.-A. Cotfas},
  title     = {Evaluating Classical Airplane Boarding Methods for Passenger Health during Normal Times},
  journal   = {Applied Sciences},
  year      = {2022},
  volume    = {12},
  number    = {7},
  pages     = {3235},
  doi       = {10.3390/app12073235},
  url       = {https://doi.org/10.3390/app12073235}
}

@article{ref60,
  author    = {Jianan Xu and Jiajin Huang and Jian Yang and Ning Zhong},
  title     = {M2GCF: A multi-mixing strategy for graph neural network based collaborative filtering},
  journal   = {Web Intelligence and Agent Systems: An International Journal},
  year      = {2023},
  volume    = {21},
  number    = {2},
  pages     = {149-166},
  doi       = {10.3233/WEB-220054},
  url       = {https://dblp.org/rec/journals/wias/XuHYZ23}
}

@article{ref61,
  author    = {S. Demir and U. Mutlu and \"O. \"Ozdemir},
  title     = {Neural Academic Paper Generation},
  journal   = {arXiv preprint arXiv:1912.01982},
  year      = 2019,
  url       = {https://arxiv.org/abs/1912.01982}
}

@article{ref62,
  author    = {S. Liu and J. Cao and R. Yang and Z. Wen},
  title     = {Generating a Structured Summary of Numerous Academic Papers: Dataset and Method},
  journal   = {arXiv preprint arXiv:2302.04580},
  year      = {2023},
  eprint    = {2302.04580},
  archivePrefix = {arXiv},
  url       = {https://arxiv.org/abs/2302.04580}
}

@article{ref63,
  author    = {T. Rehman and D. K. Sanyal and S. Chattopadhyay and P. K. Bhowmick and P. P. Das},
  title     = {Generation of Highlights From Research Papers Using Pointer-Generator Networks and SciBERT Embeddings},
  journal   = {IEEE Access},
  year      = 2023, 
  volume    = {11}, 
  pages     = {91358--91374}, 
  doi       = {10.1109/ACCESS.2023.3292300}, 
  url       = {https://ieeexplore.ieee.org/document/10172215} 
}

@article{ref64,
  author    = {M. A. K. Raiaan and M. S. H. Mukta and K. Fatema and N. M. Fahad and S. Sakib and M. M. J. Mim and J. Ahmad and M. E. Ali and S. Azam},
  title     = {A Review on Large Language Models: Architectures, Applications, Taxonomies, Open Issues and Challenges},
  journal   = {IEEE Access},
  year      = 2024,
  volume    = {12},
  pages     = {26839--26874},
  doi       = {10.1109/ACCESS.2024.3365742},
  url       = {https://ieeexplore.ieee.org/document/10433480}
}

@article{ref65,
  author    = {H. Hassani and E. S. Silva},
  title     = {The Role of ChatGPT in Data Science: How AI-Assisted Conversational Interfaces Are Revolutionizing the Field},
  journal   = {Big Data and Cognitive Computing},
  year      = 2023,
  volume    = {7},
  number    = {2},
  pages     = {45},
  url       = {https://www.mdpi.com/2504-2289/7/2/45}
}

@article{ref66,
  author    = {V. Taecharungroj},
  title     = {‘What Can ChatGPT Do?’: Analyzing Early Reactions to the Innovative AI Chatbot on Twitter},
  journal   = {Big Data and Cognitive Computing},
  year      = 2023,
  volume    = {7},
  number    = {1},
  pages     = {Article number 20},
  url       = {https://www.mdpi.com/2504-2289/7/1/20}
}

@article{ref67,
  author    = {G. Bonifazi and E. Corradini and D. Ursino and L. Virgili},
  title     = {Modeling, Evaluating, and Applying the eWoM Power of Reddit Posts},
  journal   = {Big Data and Cognitive Computing},
  year      = 2023, 
  volume    = 7, 
  number    = 2, 
  pages     = {Article number 26}, 
  url       = {https://www.mdpi.com/2504-2289/7/2/26}
}

@article{ref68,
  author    = {K. Pillutla and L. Liu and J. Thickstun and S. Welleck and S. Swayamdipta and R. Zellers and S. Oh and Y. Choi and Z. Harchaoui},
  title     = {MAUVE Scores for Generative Models: Theory and Practice},
  journal   = {Journal of Machine Learning Research},
  year      = 2023,
  volume    = {24},
  number    = {356},
  pages     = {1--92},
  url       = {https://www.jmlr.org/papers/volume24/23-0023/23-0023.pdf}
}

@article{ref69,
  author    = {W. Fedus and B. Zoph and N. Shazeer},
  title     = {Switch Transformers: Scaling to Trillion Parameter Models with Simple and Efficient Sparsity},
  journal   = {Journal of Machine Learning Research},
  year      = 2022, 
  volume    = {23}, 
  number    = {120}, 
  pages     = {1--39}, 
  url       = {https://www.jmlr.org/papers/volume23/21-0998/21-0998.pdf}
}

@article{ref70,
  author    = {A. Chowdhery and S. Narang and J. Devlin and M. Bosma and G. Mishra and A. Roberts and P. Barham and H. W. Chung and C. Sutton and S. Gehrmann and P. Schuh and K. Shi and S. Tsvyashchenko and J. Maynez and A. Rao and P. Barnes and Y. Tay and N. Shazeer and V. Prabhakaran and E. Reif and N. Du and B. Hutchinson and R. Pope and J. Bradbury and J. Austin and M. Isard and G. Gur-Ari and P. Yin and T. Duke and A. Levskaya and S. Ghemawat and S. Dev and H. Michalewski and X. Garcia and V. Misra and K. Robinson and L. Fedus and D. Zhou and D. Ippolito and D. Luan and H. Lim and B. Zoph and A. Spiridonov and R. Sepassi and D. Dohan and S. Agrawal and M. Omernick and A. M. Dai and T. S. Pillai and M. Pellat and A. Lewkowycz and E. Moreira and R. Child and O. Polozov and K. Lee and Z. Zhou and X. Wang and B. Saeta and M. Diaz and O. Firat and M. Catasta and J. Wei and K. Meier-Hellstern and D. Eck and J. Dean and S. Petrov and N. Fiedel},
  title     = {PaLM: Scaling Language Modeling with Pathways},
  journal   = {Journal of Machine Learning Research},
  year      = {2023},
  volume    = {24},
  number    = {240},
  pages     = {1--113},
  url       = {https://www.jmlr.org/papers/volume24/22-1144/22-1144.pdf}
}

@article{ref71,
  author    = {B. Sun and K. Li},
  title     = {Neural Dialogue Generation Methods in Open Domain: A Survey},
  journal   = {Natural Language Processing Research},
  year      = 2021,
  volume    = {1},
  number    = {3-4},
  pages     = {56--70},
  url       = {https://www.atlantis-press.com/journals/nlpr}
}

@article{ref72,
  author    = {Ebru Yilmaz Ince and Akif Kutlu},
  title     = {Web-Based Turkish Automatic Short-Answer Grading System},
  journal   = {Natural Language Processing Research},
  year      = 2021, 
  volume    = {1}, 
  number    = {3-4}, 
  pages     = {46--55}, 
  url       = {https://www.atlantis-press.com/journals/nlpr}
}

@article{ref73,
  author    = {Q. Su and M. Wan and X. Liu and C.-R. Huang},
  title     = {Motivations, Methods and Metrics of Misinformation Detection: An NLP Perspective},
  journal   = {Natural Language Processing Research},
  year      = 2021,
  volume    = {1},
  number    = {1},
  pages     = {1--13},
  url       = {https://www.atlantis-press.com/journals/nlpr}
}

@article{ref74,
  author    = {E. Orel and I. Ciglenecki and A. Thiabaud and A. Temerev and A. Calmy and O. Keiser and A. Merzouki},
  title     = {An Automated Literature Review Tool (LiteRev) for Streamlining and Accelerating Research Using Natural Language Processing and Machine Learning: Descriptive Performance Evaluation Study},
  journal   = {Journal of Medical Internet Research},
  year      = {2023},
  volume    = {25},
  pages     = {e39736},
  url       = {https://www.jmir.org/2023/1/e39736/}
}

@article{ref75,
  author    = {K. Cowie and A. Rahmatullah and N. Hardy and K. Holub and K. Kallmes},
  title     = {Web-Based Software Tools for Systematic Literature Review in Medicine: Systematic Search and Feature Analysis},
  journal   = {JMIR Medical Informatics},
  year      = 2022,
  volume    = {10},
  number    = {5},
  pages     = {e33219},
  url       = {https://medinform.jmir.org/2022/5/e33219/}
}

@article{ref76,
  author    = {Guo, Eddie and Gupta, Mehul and Deng, Jiawen and Park, Ye-Jean and Paget, Michael and Naugler, Christopher},
  title     = {Automated Paper Screening for Clinical Reviews Using Large Language Models: Data Analysis Study},
  journal   = {Journal of Medical Internet Research},
  year      = 2024,
  volume    = {26},
  pages     = {e48996},
  doi       = {10.2196/48996},
  url       = {https://www.jmir.org/2024/1/e48996/}
}

@article{ref77,
  author    = {C. F. Atkinson},
  title     = {Cheap, Quick, and Rigorous: Artificial Intelligence and the Systematic Literature Review},
  journal   = {Social Science Computer Review},
  year      = {2024},
  volume    = {42},
  number    = {2},
  pages     = {376--393},
  doi       = {10.1177/08944393231196281},
  url       = {https://journals.sagepub.com/doi/full/10.1177/08944393231196281}
}

@article{ref78,
  author    = {Antons, D. and Breidbach, C. F. and Joshi, A. M. and Salge, T. O.},
  title     = {Computational Literature Reviews: Method, Algorithms, and Roadmap},
  journal   = {Organizational Research Methods},
  year      = 2023,
  volume    = {26},
  number    = {1},
  pages     = {107--138},
  doi       = {10.1177/1094428121991230},
  url       = {https://journals.sagepub.com/doi/full/10.1177/1094428121991230}
}

@article{ref79,
  author    = {G. Wagner and R. Lukyanenko and G. Paré},
  title     = {Artificial intelligence and the conduct of literature reviews},
  journal   = {Journal of Information Technology},
  year      = 2022, 
  volume    = 37, 
  number    = 2, 
  pages     = {209--226}, 
  doi       = {10.1177/02683962211048201}, 
  url       = {https://journals.sagepub.com/doi/full/10.1177/02683962211048201}
}

@article{ref80,
  author    = {F. Bolaños and A. Salatino and F. Osborne and E. Motta},
  title     = {Artificial intelligence for literature reviews: opportunities and challenges},
  journal   = {Artificial Intelligence Review},
  year      = 2024,
  volume    = {57},
  number    = {259},
  pages     = {1--59},
  doi       = {10.1007/s10462-024-10902-3},
  url       = {https://link.springer.com/article/10.1007/s10462-024-10902-3}
}

@article{ref81,
  author    = {M. N. Quang and T. Rogers and J. Hofman and A. B. Lanham},
  title     = {New framework for automated article selection applied to a literature review of Enhanced Biological Phosphorus Removal},
  journal   = {PLOS ONE},
  year      = 2019,
  volume    = {14},
  number    = {5},
  pages     = {e0216126},
  doi       = {10.1371/journal.pone.0216126},
  url       = {https://doi.org/10.1371/journal.pone.0216126}
}

@article{ref82,
  author    = {B. Ozek and Z. Lu and F. Pouromran and S. Radhakrishnan and S. Kamarthi},
  title     = {Analysis of pain research literature through keyword Co-occurrence networks},
  journal   = {PLOS Digital Health},
  year      = 2023,
  volume    = {2},
  number    = {9},
  pages     = {e0000331},
  doi       = {10.1371/journal.pdig.0000331},
  url       = {https://doi.org/10.1371/journal.pdig.0000331}
}

@article{ref83,
  author    = {S. Blaschke},
  title     = {Publication authorship: A new approach to the bibliometric study of scientific work and beyond},
  journal   = {PLOS ONE},
  year      = 2024,
  volume    = 19,
  number    = 4,
  pages     = {e0297005},
  doi       = {10.1371/journal.pone.0297005},
  url       = {https://doi.org/10.1371/journal.pone.0297005}
}

@article{ref84,
  author    = {T. Kasanishi and M. Isonuma and J. Mori and I. Sakata},
  title     = {SciReviewGen: A Large-scale Dataset for Automatic Literature Review Generation},
  journal   = {arXiv preprint arXiv:2305.15186},
  year      = 2023,
  url       = {https://arxiv.org/abs/2305.15186}
}

@article{ref85,
  author    = {Joeri Minnen and Sven Rymenants and Ignace Glorieux and Theun Pieter van Tienoven},
  title     = {Answering Current Challenges of and Changes in Producing Official Time Use Statistics Using the Data Collection Platform MOTUS},
  journal   = {Journal of Official Statistics},
  year      = 2023,
  volume    = 39,
  number    = 4,
  pages     = {489--505},
  doi       = {10.2478/jos-2023-0023},
  url       = {https://sciendo.com/article/10.2478/jos-2023-0023}
}

@article{ref86,
  author    = {Andrea Roberson},
  title     = {Applying Machine Learning for Automatic Product Categorization},
  journal   = {Journal of Official Statistics},
  year      = 2021,
  volume    = {37},
  number    = {2},
  pages     = {395--410},
  url       = {https://sciendo.com/article/10.2478/jos-2021-0017},
  doi       = {10.2478/jos-2021-0017}
}

@article{ref87,
  author    = {Asaph Young Chun and Steven G. Heeringa and Barry Schouten},
  title     = {Responsive and Adaptive Design for Survey Optimization},
  journal   = {Journal of Official Statistics},
  year      = 2018, 
  volume    = 34, 
  number    = 3, 
  pages     = {581--597}, 
  url       = {https://sciendo.com/article/10.2478/jos-2018-0028}
}

@article{ref88,
  author    = {M. Schonlau and M. P. Couper},
  title     = {Semi-automated categorization of open-ended questions},
  journal   = {Survey Research Methods},
  year      = 2016, 
  volume    = 10, 
  number    = 2, 
  pages     = {143--152}, 
  doi       = {10.18148/srm/2016.v10i2.6213}, 
  url       = {https://doi.org/10.18148/srm/2016.v10i2.6213}
}

@article{ref89,
  author    = {Z. He and M. Schonlau},
  title     = {Automatic Coding of Open-ended Questions into Multiple Classes: Whether and How to Use Double Coded Data},
  journal   = {Survey Research Methods},
  year      = 2020, 
  volume    = {14}, 
  number    = {3}, 
  pages     = {267--287}, 
  doi       = {10.18148/srm/2020.v14i3.7639}, 
  url       = {https://doi.org/10.18148/srm/2020.v14i3.7639}
}

@article{ref90,
  author    = {M. Revilla},
  title     = {How to enhance web survey data using metered, geolocation, visual and voice data?},
  journal   = {Survey Research Methods},
  year      = 2022,
  volume    = 16,
  number    = 1,
  pages     = {1--12},
  doi       = {10.18148/srm/2022.v16i1.8013},
  url       = {https://doi.org/10.18148/srm/2022.v16i1.8013}
}

@article{ref91,
  author    = {H. Gweon and M. Schonlau and M. Wenemark},
  title     = {Semi-automated classification for multi-label open-ended questions},
  journal   = {Survey Methodology},
  year      = 2020,
  volume    = {46},
  number    = {2},
  pages     = {265--282},
  url       = {https://www150.statcan.gc.ca/n1/pub/12-001-x/2020002/article/00005-eng.htm}
}

@article{ref92,
  author    = {Ting Yan and Hanyu Sun and Anil Battalahalli},
  title     = {Applying Machine Learning to Survey Question Assessment},
  journal   = {Survey Practice},
  year      = 2024,
  volume    = {17},
  doi       = {10.29115/SP-2024-0006},
  url       = {https://doi.org/10.29115/SP-2024-0006}
}

@article{ref93,
  author    = {Ting Yan and Hanyu Sun and Anil Battalahalli},
  title     = {Using Machine Learning to Evaluate Questions in a Multilingual Survey},
  journal   = {Survey Practice},
  year      = {2025},
  volume    = {19},
  number    = {Special Issue},
  month     = {mar},
  doi       = {10.29115/SP-2024-0021},
  url       = {https://doi.org/10.29115/SP-2024-0021}
}

@article{ref94,
  author    = {Christine P. Chai},
  title     = {Text Mining in Survey Data},
  journal   = {Survey Practice},
  year      = 2019, 
  volume    = {12}, 
  number    = {1}, 
  doi       = {10.29115/SP-2018-0035}, 
  url       = {https://doi.org/10.29115/SP-2018-0035}
}

@misc{ref95,
  author    = {N. Pinzón and M. M. Mathur and A. H. Liu and D. L. Redmiles and W. D. Bowen and M. A. Rodriguez and J. S. Jones and J. W. Deem and P. Grabowicz},
  title     = {AI-powered fraud and the erosion of online survey integrity: An analysis of 31 fraud detection strategies},
  howpublished = {Online},
  url       = {https://osf.io/95tka/},
  note      = {Accessed: 2024-06-11}
}

@article{ref96,
  author    = {H. Aljuaid},
  title     = {The Impact of Artificial Intelligence Tools on Academic Writing Instruction in Higher Education: A Systematic Review},
  journal   = {Arab World English Journal (AWEJ) Special Issue on ChatGPT},
  year      = {2024},
  pages     = {1-30},
  month     = apr,
  url       = {https://ssrn.com/abstract=4814342}
}

@article{ref97,
  author    = {H. Guo and S. H. Zaini},
  title     = {Artificial Intelligence in Academic Writing: A Literature Review},
  journal   = {Asian Pendidikan},
  year      = 2024, 
  volume    = {4}, 
  number    = {2}, 
  pages     = {46--55}, 
  doi       = {10.53797/aspen.v4i2.6.2024}, 
  url       = {https://doi.org/10.53797/aspen.v4i2.6.2024}
}

@article{ref98,
  author    = {M. M. Boillos and N. Idoiaga},
  title     = {Student perspectives on the use of AI-based language tools in academic writing},
  journal   = {Journal of Writing Research},
  year      = {2025},
  note      = {Early view, published Jan. 24, 2025},
  url       = {https://www.jowr.org/jowr/article/view/1518}
}

@article{ref99,
  author    = {I. van Heerden and A. Bas},
  title     = {Viewpoint: AI as Author – Bridging the Gap Between Machine Learning and Literary Theory},
  journal   = {Journal of Artificial Intelligence Research},
  year      = 2021, 
  volume    = {71}, 
  pages     = {1269--1277}, 
  doi       = {10.1613/jair.1.12593}, 
  url       = {https://jair.org/index.php/jair/article/view/12593}
}

@article{ref100,
  author    = {K. C. Fraser and H. Dawkins and S. Kiritchenko},
  title     = {Detecting AI-Generated Text: Factors Influencing Detectability with Current Methods},
  journal   = {Journal of Artificial Intelligence Research},
  year      = 2025, 
  volume    = {82}, 
  pages     = {1145--1187}, 
  doi       = {10.1613/jair.1.16665}, 
  url       = {https://jair.org/index.php/jair/article/view/16665}
}

@article{ref101,
  author    = {A. Dafoe and R. Sandbrink and C. O'Brien and S. Cotton-Barratt and J. Drexler and F. Flynn and J. Hannon and P. Kwon and L. Maynard and K. Redei and R. Salvatier and M. Scharre},
  title     = {When Will AI Exceed Human Performance? Evidence from AI Experts},
  journal   = {Journal of Artificial Intelligence Research},
  year      = 2018,
  volume    = {62},
  pages     = {729--754},
  doi       = {10.1613/jair.1.11222},
  url       = {https://jair.org/index.php/jair/article/view/11222}
}

@article{ref102,
  author    = {Zhonghui Shao and Jing Zhang and Haoyang Li and Xinmei Huang and Chao Zhou and Yuanchun Wang and Jibing Gong and Cuiping Li and Hong Chen},
  title     = {Authorship style transfer with inverse transfer data augmentation},
  journal   = {AI Open},
  year      = 2024, 
  volume    = 5, 
  pages     = {94--103}, 
  doi       = {10.1016/j.aiopen.2024.08.003}, 
  url       = {https://www.sciencedirect.com/science/article/pii/S2666651024000135} 
}

@article{ref103,
  author    = {X. Liu and Y. Zheng and Z. Du and M. Ding and Y. Qian and Z. Yang and J. Tang},
  title     = {GPT understands, too},
  journal   = {AI Open},
  year      = 2023,
  volume    = {4},
  pages     = {30--36},
  url       = {https://www.sciencedirect.com/science/article/pii/S2666651023000141}
}

@article{ref104,
  author    = {Y. Yang and H. Sun and J. Li and R. Liu and Y. Li and Y. Liu and Y. Gao and H. Huang},
  title     = {MindLLM: Lightweight large language model pre-training, evaluation and domain application},
  journal   = {AI Open},
  year      = {2024},
  volume    = {5},
  pages     = {1--26},
  url       = {https://www.sciencedirect.com/science/article/pii/S2666651024000111}
}

@article{ref105,
  author    = {M. Z. Degu and M. Meshesha},
  title     = {Fine‐Tuned Pretrained Transformer for Amharic News Headline Generation},
  journal   = {Applied AI Letters},
  year      = {2024},
  volume    = {5},
  number    = {4},
  pages     = {1-10},
  doi       = {10.1002/ail2.98},
  url       = {https://onlinelibrary.wiley.com/doi/10.1002/ail2.98}
}

@article{ref106,
  author    = {J. Conde and P. Reviriego and J. Salvachúa and G. Martínez and J. A. Hernández and F. Lombardi},
  title     = {Understanding the Impact of Artificial Intelligence in Academic Writing: Metadata to the Rescue},
  journal   = {Computer},
  year      = 2024,
  volume    = 57,
  number    = 1,
  pages     = {85--88},
  url       = {https://arxiv.org/abs/2502.16713}
}

@inproceedings{ref107,
  author    = {D. J. Liebling and M. Kane and M. Grunde-Mclaughlin and I. J. Lang and S. Venugopalan and M. P. Brenner},
  title     = {Towards AI-assisted Academic Writing},
  booktitle = {Proceedings of the NAACL 2025 Workshop on AI for Scientific Discovery},
  year      = {2025},
  url       = {https://arxiv.org/abs/2503.13771}
}

@article{ref108,
  author    = {R. Zheldibayeva},
  title     = {The impact of AI and peer feedback on research writing skills: a study using the CGScholar platform among Kazakhstani scholars},
  journal   = {arXiv preprint arXiv:2503.05820},
  year      = {2025},
  url       = {https://arxiv.org/abs/2503.05820}
}

@misc{ref109,
  author    = {H. Aljuaid},
  title     = {The Impact of Artificial Intelligence Tools on Academic Writing Instruction in Higher Education: A Systematic Review},
  howpublished = {Online},
  url       = {https://osf.io/ph24v/download/},
  note      = {Accessed: 2024-06-09},
  year      = {2024}
}

@misc{ref110,
  author    = {S. L. Jen and A. R. Salam},
  title     = {Using Artificial Intelligence for Essay Writing},
  howpublished = {Online},
  url       = {https://osf.io/vtcz9/download/?format=pdf},
  note      = {Accessed: 2024-06-09}
}

@misc{ref111,
  author    = {M. H. Nguyen},
  title     = {Academic writing and AI: Day-1 experiment},
  howpublished = {Online},
  url       = {https://osf.io/xgqu5/download},
  note      = {Accessed: 2024-06-09}
}

@article{ref112,
  author    = {L. Chen and P. Chen and Z. Lin},
  title     = {Artificial Intelligence in Education: A Review},
  journal   = {IEEE Access},
  year      = 2020,
  volume    = {8},
  pages     = {75264--75278},
  doi       = {10.1109/ACCESS.2020.2988510},
  url       = {https://ieeexplore.ieee.org/document/9069875}
}

@article{ref113,
  author    = {A. Golda and S. Debnath and N. Gupta and S. Mondal and B. Sikdar and C. Kim},
  title     = {Privacy and Security Concerns in Generative AI: A Comprehensive Survey},
  journal   = {IEEE Access},
  year      = 2024,
  volume    = {12},
  pages     = {48126--48144},
  doi       = {10.1109/ACCESS.2024.3381611},
  url       = {https://ieeexplore.ieee.org/document/10478883}
}

@article{ref114,
  author    = {S. Yanes Luis and H. Li and S. Pan and X. Sun and X. Wei and J. Yu},
  title     = {Deep Reinforcement Multiagent Learning Framework for Information Contamination Event Detection},
  journal   = {Advanced Intelligent Systems},
  year      = {2024},
  volume    = {6},
  number    = {2},
  pages     = {2300059},
  doi       = {10.1002/aisy.202300850},
  url       = {https://advanced.onlinelibrary.wiley.com/doi/full/10.1002/aisy.202300850}
}

@article{ref115,
  author    = {M. Jafari and R. Kazemi and A. Mohammadpour and M. Saif},
  title     = {A neurobiologically-inspired intelligent trajectory tracking control for unmanned aircraft systems in presence of uncertain system and dynamic environment},
  journal   = {Advanced Intelligent Systems},
  year      = {2020},
  volume    = {2},
  number    = {12},
  pages     = {2000140},
  doi       = {10.1002/aisy.202000140},
  url       = {https://onlinelibrary.wiley.com/doi/full/10.1002/aisy.202000140}
}

@article{ref116,
  author    = {O. Erin and X. Liu and J. Ge and J. Opfermann and Y. Barnoy and L. O. Mair and J. U. Kang and Y. Diaz-Mercado},
  title     = {Comparative Analysis of Sensors in Rigid and Deformable Modular Robots for Shape Estimation},
  journal   = {Advanced Intelligent Systems},
  year      = 2022,
  volume    = {4},
  number    = {6},
  pages     = {2200072},
  doi       = {10.1002/aisy.202200072},
  url       = {https://onlinelibrary.wiley.com/doi/full/10.1002/aisy.202200072}
}

@article{ref117,
  author    = {C. Delcea and N. Chirita},
  title     = {Exploring the Applications of Agent-Based Modeling in Transportation},
  journal   = {Applied Sciences},
  year      = 2023,
  volume    = {13},
  number    = {17},
  pages     = {9815},
  doi       = {10.3390/app13179815},
  url       = {https://doi.org/10.3390/app13179815}
}

@article{ref118,
  author    = {A. Malas and S. El Falou and M. El Falou and M. Hussein},
  title     = {Decentralized multi-agent approach based on A* algorithm for on-demand transport problem},
  journal   = {Web Intelligence and Agent Systems: An International Journal},
  year      = {2023},
  volume    = {21},
  number    = {1},
  pages     = {1-17},
  url       = {https://dblp.org/rec/journals/wias/MalasFFH23}
}

@article{ref119,
  author    = {S. Kherchaoui and A. Houacine},
  title     = {Identification of micro expressions in a video sequence by Euclidean distance of the facial contours},
  journal   = {Web Intelligence and Agent Systems: An International Journal},
  year      = 2023,
  volume    = {21},
  number    = {3},
  pages     = {211--221},
  url       = {https://dblp.org/rec/journals/wias/KherchaouiH23}
}

@article{ref120,
  author    = {S. Roy and S. Bandyopadhyay and A. Ekbal},
  title     = {Automatic Generation of Highlights for Scientific Articles using Supervised and Unsupervised Approaches},
  journal   = {IEEE Access},
  year      = 2020,
  volume    = {8},
  pages     = {181302--181313},
  doi       = {10.1109/ACCESS.2020.3028175},
  url       = {https://ieeexplore.ieee.org/document/9206460}
}

@misc{ref121,
  author    = {J. Fei and L. Spadaro and D. M. T. Farias and S. Komoroske and R. Stehle},
  title     = {Automated chat application surveys using WhatsApp},
  howpublished = {Online},
  url       = {https://osf.io/j9a2y/},
  note      = {Accessed: 2024-06-09}
}

@misc{ref122,
  author        = {J. Fei and C. Yang and N. Pinzón and D. Pan},
  title         = {Survey automation detection methods and its implications on psychological research},
  howpublished  = {Online; OSF Preprints (OSF Registries)},
  year          = {2022},
  url           = {https://osf.io/erqzm/},
  note          = {Accessed: 2024-06-09}
}