@article{ref1,
  author    = {Thomas Savage and Ashwin Nayak and Robert Gallo and Ekanath Rangan and Jonathan H. Chen},
  title     = {Diagnostic reasoning prompts reveal the potential for large language model interpretability in medicine},
  journal   = {npj Digital Medicine},
  year      = 2024,
  volume    = {7},
  number    = {},
  pages     = {Article 20},
  url       = {https://www.nature.com/articles/s41746-024-01010-1}
}

@article{ref2,
  author    = {Marco Guevara and Shan Chen and Spencer Thomas and Tafadzwa L. Chaunzwa and Idalid Franco and Benjamin H. Kann and Shalini Moningi and Jack M. Qian and Madeleine Goldstein and Susan Harper and Hugo J. W. L. Aerts and Paul J. Catalano and Guergana K. Savova and Raymond H. Mak and Danielle S. Bitterman},
  title     = {Large language models to identify social determinants of health in electronic health records},
  journal   = {npj Digital Medicine},
  year      = {2024},
  volume    = {7},
  number    = {},
  pages     = {},
  doi       = {10.1038/s41746-023-00970-0},
  url       = {https://www.nature.com/articles/s41746-023-00970-0}
}

@article{ref3,
  author    = {Hanyin Wang and Chufan Gao and Christopher Dantona and Bryan Hull and Jimeng Sun},
  title     = {DRG-LLaMA : tuning LLaMA model to predict diagnosis-related group for hospitalized patients},
  journal   = {npj Digital Medicine},
  year      = {2024},
  volume    = {7},
  pages     = {Article 16},
  doi       = {10.1038/s41746-023-00989-3},
  url       = {https://www.nature.com/articles/s41746-023-00989-3}
}

@article{ref4,
  author    = {J. Zhou and W. Zhong and Y. Wang and J. Wang},
  title     = {Adaptive-solver framework for dynamic strategy selection in large language model reasoning},
  journal   = {Information Processing \& Management},
  year      = 2025,
  volume    = {62},
  number    = {3},
  pages     = {Article 104052},
  url       = {https://www.sciencedirect.com/science/article/pii/S0306457324000468}
}

@article{ref5,
  author    = {B. Liu and C. Lyu and Z. Min and Z. Wang and J. Su and L. Wang},
  title     = {Retrieval-augmented multi-modal chain-of-thoughts reasoning for large language models},
  journal   = {Information Processing \& Management},
  year      = {2025},
  volume    = {62},
  number    = {1},
  pages     = {Article 103907},
  url       = {https://www.sciencedirect.com/science/article/pii/S0306457323004317}
}

@article{ref6,
  author    = {X. Liu and X. Wei and G. Shi and D. Liu and F. Qian and P. Wang and Y. Zhang},
  title     = {End-to-end event factuality prediction using directional labeled graph recurrent network},
  journal   = {Information Processing \& Management},
  year      = {2022},
  volume    = {59},
  number    = {2},
  pages     = {Article 102836},
  url       = {https://www.sciencedirect.com/science/article/abs/pii/S0306457321003083}
}

@article{ref7,
  author    = {E. La Malfa and A. Petrov and S. Frieder and C. Weinhuber and R. Burnell and R. Nazar and A. Cohn and N. Shadbolt and M. Wooldridge},
  title     = {Language-Models-as-a-Service: Overview of a New Paradigm and its Challenges},
  journal   = {Journal of Artificial Intelligence Research},
  year      = 2024, 
  volume    = {80}, 
  doi       = {10.1613/jair.1.15865}, 
  url       = {https://doi.org/10.1613/jair.1.15865}
}

@article{ref8,
  author    = {C. Wei and K. Duan and S. Zhuo and H. Wang and S. Huang and J. Liu},
  title     = {Enhanced Recommendation Systems with Retrieval-Augmented Large Language Model},
  journal   = {Journal of Artificial Intelligence Research},
  year      = 2025,
  volume    = {82},
  doi       = {10.1613/jair.1.17809},
  url       = {https://doi.org/10.1613/jair.1.17809}
}

@article{ref9,
  author    = {M. Pternea and P. Singh and A. Chakraborty and Y. Oruganti and M. Milletari and S. Bapat and K. Jiang},
  title     = {The RL/LLM Taxonomy Tree: Reviewing Synergies Between Reinforcement Learning and Large Language Models},
  journal   = {Journal of Artificial Intelligence Research},
  year      = 2024,
  volume    = {80},
  doi       = {10.1613/jair.1.15960},
  url       = {https://doi.org/10.1613/jair.1.15960}
}

@article{ref10,
  author    = {J. Huang and K. Chen-Chuan Chang},
  title     = {Towards Reasoning in Large Language Models: A Survey},
  journal   = {Findings of the Association for Computational Linguistics: ACL 2023},
  year      = {2023},
  pages     = {1049--1065},
  url       = {https://arxiv.org/abs/2212.10403}
}

@inproceedings{ref11,
  author    = {J. Wei and X. Wang and D. Schuurmans and M. Bosma and B. Ichter and F. Xia and E. Chi and Q. Le and D. Zhou},
  title     = {Chain-of-Thought Prompting Elicits Reasoning in Large Language Models},
  booktitle = {Advances in Neural Information Processing Systems (NeurIPS)},
  year      = {2022},
  volume    = {35},
  pages     = {24824--24837},
  url       = {https://arxiv.org/abs/2201.11903}
}

@article{ref12,
  author    = {M. Besta and J. Barth and E. Schreiber and A. Kubicek and A. Catarino and R. Gerstenberger and P. Nyczyk and P. Iff and Y. Li and S. Houliston and T. Sternal and M. Copik and G. Kwaśniewski and J. Müller and Ł. Flis and H. Eberhard and H. Niewiadomski and T. Hoefler},
  title     = {Reasoning Language Models: A Blueprint},
  journal   = {arXiv preprint arXiv:2501.11223},
  year      = 2025,
  note      = {version 3, Jan. 2025},
  url       = {https://arxiv.org/abs/2501.11223}
}

@article{ref13,
  author    = {Anya Belz},
  title     = {A Metrological Perspective on Reproducibility in NLP},
  journal   = {Computational Linguistics},
  year      = 2022,
  volume    = {48},
  number    = {4},
  pages     = {1125--1135},
  doi       = {10.1162/coli_a_00448},
  url       = {https://aclanthology.org/2022.cl-4.21/}
}

@article{ref14,
  author    = {Yonatan Belinkov},
  title     = {Probing Classifiers: Promises, Shortcomings, and Advances},
  journal   = {Computational Linguistics},
  year      = 2022, 
  volume    = {48}, 
  number    = {1}, 
  pages     = {221--242}, 
  url       = {https://aclanthology.org/2022.cl-1.10.pdf}
}

@article{ref15,
  author    = {Di Jin and Zhijing Jin and Zhiting Hu and Olga Vechtomova and Rada Mihalcea},
  title     = {Deep Learning for Text Style Transfer: A Survey},
  journal   = {Computational Linguistics},
  year      = 2022,
  volume    = {48},
  number    = {1},
  pages     = {159--218},
  url       = {https://aclanthology.org/2022.cl-1.8.pdf}
}

@article{ref16,
  author    = {Rotem Dror and Gili Baumer and Marina Bogomolov and Roi Reichart},
  title     = {Replicability Analysis for Natural Language Processing: Testing Significance with Multiple Datasets},
  journal   = {Transactions of the Association for Computational Linguistics},
  year      = 2017, 
  volume    = {5}, 
  pages     = {471--486}, 
  doi       = {10.1162/tacl_a_00074}, 
  url       = {https://aclanthology.org/Q17-1033/}
}

@article{ref17,
  author    = {A. Belz and L. Anastasakos and Y. Zhang and S. Spadine and I. Augenstein and F. Liu},
  title     = {A Systematic Review of Reproducibility Research in Natural Language Processing},
  journal   = {Transactions of the Association for Computational Linguistics},
  year      = 2021,
  volume    = {9},
  pages     = {249--266},
  url       = {https://aclanthology.org/2021.eacl-main.29.pdf}
}

@article{ref18,
  author    = {P. Van Eecke and J. Nevens and K. Beuls},
  title     = {Neural heuristics for scaling constructional language processing},
  journal   = {Journal of Language Modelling},
  year      = 2022, 
  volume    = 10, 
  number    = 2, 
  pages     = {287--314}, 
  doi       = {10.15398/jlm.v10i2.318}, 
  url       = {https://doi.org/10.15398/jlm.v10i2.318}
}

@article{ref19,
  author    = {P. Boersma and T. Benders and K. Seinhorst},
  title     = {Neural network models for phonology and phonetics},
  journal   = {Journal of Language Modelling},
  year      = 2020,
  volume    = 8,
  number    = 1,
  pages     = {103--177},
  doi       = {10.15398/jlm.v8i1.224},
  url       = {https://doi.org/10.15398/jlm.v8i1.224}
}

@article{ref20,
  author    = {S. Jha and A. Sudhakar and A. K. Singh},
  title     = {Learning cross-lingual phonological and orthagraphic adaptations: a case study in improving neural machine translation between low-resource languages},
  journal   = {Journal of Language Modelling},
  year      = 2019, 
  volume    = 7, 
  number    = 2, 
  pages     = {101--142}, 
  doi       = {10.15398/jlm.v7i2.214}, 
  url       = {https://doi.org/10.15398/jlm.v7i2.214}
}

@article{ref21,
  author    = {M. Kinniment and L. J. K. Sato and H. Du and B. Goodrich and M. Hasin and L. Chan and L. H. Miles and T. R. Lin and H. Wijk and J. Burget and A. Ho and E. Barnes and P. Christiano},
  title     = {Evaluating Language-Model Agents on Realistic Autonomous Tasks},
  journal   = {arXiv preprint arXiv:2312.11671},
  year      = 2024,
  url       = {https://arxiv.org/abs/2312.11671}
}

@article{ref22,
  author    = {L. Vaugrante and M. Niepert and T. Hagendorff},
  title     = {A Looming Replication Crisis in Evaluating Behavior in Language Models? Evidence and Solutions},
  journal   = {arXiv preprint arXiv:2409.20303},
  year      = 2024,
  url       = {https://arxiv.org/abs/2409.20303}
}

@article{ref23,
  author    = {S. Black and A. C. Stickland and J. Pencharz and O. Sourbut and M. Schmatz and J. Bailey and O. Matthews and B. Millwood and A. Remedios and A. Cooney},
  title     = {RepliBench: Evaluating the Autonomous Replication Capabilities of Language Model Agents},
  journal   = {arXiv preprint arXiv:2504.18565},
  year      = 2024,
  url       = {https://arxiv.org/abs/2504.18565}
}

@article{ref24,
  author    = {Vera Mieskes and Karine Goeuriot and Laura B{\"u}chler and Stefan Evert and St{\'e}phanie Kazet and Ga{\"e}l Bel and Yannis Dupont and Duy-Jin Duh and Fabienne Fran{\c c}ois and Shulin Han and Maria Jones and Ana Kabadjova and Maria Kammas and Camille Kobus and Judith Leveling and Christian Lofi and Gabrielle Parent and S{\'e}bastien Pateux and Laurence Pla and Leonardo Romanello and Mar{\'i}a Lourdes Ruiz-Gonz{\'a}lez and Eric SanJuan},
  title     = {Reproducibility in Computational Linguistics: Are We Willing to Share?},
  journal   = {Computational Linguistics},
  year      = {2018},
  volume    = {44},
  number    = {4},
  pages     = {641--649},
  url       = {https://aclanthology.org/J18-4003/}
}

@article{ref25,
  author    = {Craig Thomson and Ehud Reiter and Anya Belz},
  title     = {Common Flaws in Running Human Evaluation Experiments in NLP},
  journal   = {Computational Linguistics},
  year      = 2024,
  volume    = {50},
  number    = {2},
  pages     = {795--805},
  doi       = {10.1162/coli_a_00508},
  url       = {https://aclanthology.org/2024.cl-2.9/}
}

@article{ref26,
  author    = {M. Crane},
  title     = {Questionable Answers in Question Answering Research: Reproducibility and Variability of Published Results},
  journal   = {Transactions of the Association for Computational Linguistics},
  year      = {2018},
  volume    = {6},
  pages     = {241--252},
  url       = {https://transacl.org/ojs/index.php/tacl/article/download/1299/296/3798}
}

@article{ref27,
  author    = {D. Deutsch and N. Kassner and J. Li and R. Reichart and D. Roth},
  title     = {A Statistical Analysis of Summarization Evaluation Metrics Using Resampling Methods},
  journal   = {Transactions of the Association for Computational Linguistics},
  year      = {2021},
  volume    = {9},
  pages     = {1132--1146},
  url       = {https://transacl.org/index.php/tacl/article/view/3125/1031}
}

@article{ref28,
  author    = {W. Digan and A. N\'ev\'eol and A. Neuraz and M. Wack and D. Baudoin and C. Rance and A. Burgun and P. Rosset},
  title     = {Can reproducibility be improved in clinical natural language processing? A study of 7 clinical NLP suites},
  journal   = {Journal of the American Medical Informatics Association},
  year      = 2021,
  volume    = {28},
  number    = {3},
  pages     = {504--515},
  doi       = {10.1093/jamia/ocaa261},
  url       = {https://academic.oup.com/jamia/article/28/3/504/6034902}
}

@article{ref29,
  author    = {S. Bakken},
  title     = {The journey to transparency, reproducibility, and replicability},
  journal   = {Journal of the American Medical Informatics Association},
  year      = 2019,
  volume    = 26,
  number    = 3,
  pages     = {185--187},
  url       = {https://academic.oup.com/jamia/article/26/3/185/5301680}
}

@article{ref30,
  author    = {D. J. Schlueter and N. R. Bar and E. Shin and P. Chou and E. Winden and X. Zhou and J. Ramirez and K. Chu and N. Guller and B. Liang and H. E. Armour and J. H. Gilmore and L. Bastarache},
  title     = {Systematic replication of smoking disease associations using survey responses and EHR data in the All of Us Research Program},
  journal   = {Journal of the American Medical Informatics Association},
  year      = 2024,
  volume    = {31},
  number    = {1},
  pages     = {139--150},
  url       = {https://academic.oup.com/jamia/article/31/1/139/7330649}
}

@article{ref31,
  author    = {M. Eguchi and K. Kyle},
  title     = {Building custom NLP tools to annotate discourse-functional features for second language writing research: A tutorial},
  journal   = {Research Methods in Applied Linguistics},
  year      = 2024, 
  volume    = {3}, 
  number    = {3}, 
  pages     = {100153}, 
  doi       = {10.1016/j.rmal.2024.100153}, 
  url       = {https://linkinghub.elsevier.com/retrieve/pii/S2772766124000594}
}

@article{ref32,
  author    = {A. Laurinavichyute and H. Yadav and S. Vasishth},
  title     = {Share the code, not just the data: A case study of the reproducibility of articles published in the Journal of Memory and Language under the open data policy},
  journal   = {Journal of Memory and Language},
  year      = 2022,
  volume    = {125},
  pages     = {104332},
  url       = {https://www.sciencedirect.com/science/article/pii/S0749596X22000195}
}

@article{ref33,
  author    = {I. Magnusson and N. A. Smith and J. Dodge},
  title     = {Reproducibility in NLP: What Have We Learned from the Checklist?},
  journal   = {arXiv preprint arXiv:2306.09562, To be published in ACL 2023 Findings},
  year      = {2023},
  url       = {https://arxiv.org/abs/2306.09562}
}

@article{ref34,
  author    = {A. Belz},
  title     = {Quantifying Reproducibility in NLP and ML},
  journal   = {arXiv preprint arXiv:2109.01211},
  year      = {2021},
  eprint    = {2109.01211},
  archivePrefix = {arXiv},
  primaryClass = {cs.CL},
  url       = {https://arxiv.org/abs/2109.01211}
}

@article{ref35,
  author    = {Mark Steyvers and Heliodoro Tejeda and Aakriti Kumar and Catarina Belem and Sheer Karny and Xinyue Hu and Lukas W. Mayer and Padhraic Smyth},
  title     = {What large language models know and what people think they know},
  journal   = {Nature Machine Intelligence},
  year      = 2025,
  volume    = {7},
  pages     = {221--231},
  month     = feb,
  url       = {https://www.nature.com/articles/s42256-024-00976-7}
}

@article{ref36,
  author    = {Yizhen Zheng and Huan Yee Koh and Jiaxin Ju and Anh T. N. Nguyen and Lauren T. May and Geoffrey I. Webb and Shirui Pan},
  title     = {Large language models for scientific discovery in molecular property prediction},
  journal   = {Nature Machine Intelligence},
  year      = 2025,
  volume    = {7},
  pages     = {437--447},
  month     = mar,
  doi       = {10.1038/s42256-025-00994-z},
  url       = {https://www.nature.com/articles/s42256-025-00994-z}
}

@article{ref37,
  author    = {Ruaridh Mon-Williams and Gen Li and Ran Long and Wenqian Du and Christopher G. Lucas},
  title     = {Embodied large language models enable robots to complete complex tasks in unpredictable environments},
  journal   = {Nature Machine Intelligence},
  year      = {2025},
  volume    = {7},
  pages     = {592--601},
  number    = {},
  doi       = {10.1038/s42256-025-01005-x},
  url       = {https://www.nature.com/articles/s42256-025-01005-x}
}

@article{ref38,
  author    = {G. Izacard and F. Petroni and L. Hosseini and S. Krone and A. Joulin and S. Khattab and E. Grave and S. Wang},
  title     = {Atlas: Few-shot Learning with Retrieval Augmented Language Models},
  journal   = {Journal of Machine Learning Research},
  year      = 2023,
  volume    = {24},
  pages     = {1--35},
  url       = {http://www.jmlr.org/papers/volume24/23-0037/23-0037.pdf}
}

@article{ref39,
  author    = {N. Muennighoff and D. Garrette and F. Hernandez and B. Brorsson and H. Buechel and E. Qiu and M. Vania and M. Sporleder and R. Bingel and S. Kanerva and K. Rama and A. E. G. Blancke},
  title     = {Scaling Data-Constrained Language Models},
  journal   = {Journal of Machine Learning Research},
  year      = 2025,
  volume    = {26},
  pages     = {1--91},
  url       = {https://www.jmlr.org/papers/volume26/24-1000/24-1000.pdf}
}

@article{ref40,
  author    = {Sublime, J.},
  title     = {The AI Race: Why Current Neural Network-based Architectures are a Poor Basis for Artificial General Intelligence},
  journal   = {Journal of Artificial Intelligence Research},
  year      = 2024,
  volume    = {80},
  pages     = {1165--1189},
  url       = {https://jair.org/index.php/jair/article/view/15315/26999}
}

@article{ref41,
  author    = {Castagna, F. and Pelosi, G. and Rago, A. and Toni, F. and Wang, C.},
  title     = {Computational Argumentation-based Chatbots},
  journal   = {Journal of Artificial Intelligence Research},
  year      = {2024},
  volume    = {79},
  pages     = {129-179},
  url       = {https://www.jair.org/index.php/jair/article/view/15407/27067}
}

@article{ref42,
  author    = {Wayne Xin Zhao and Kun Zhou and Junyi Li and Tianyi Tang and Xiaolei Wang and Yupeng Hou and Yingqian Min and Beichen Zhang and Junjie Zhang and Zican Dong and Yifan Du and Chen Yang and Yushuo Chen and Zhipeng Chen and Jinhao Jiang and Ruiyang Ren and Yifan Li and Xinyu Tang and Zikang Liu and Peiyu Liu and Jian-Yun Nie and Ji-Rong Wen},
  title     = {A Survey of Large Language Models},
  journal   = {arXiv preprint arXiv:2303.18223 [cs.CL]},
  year      = 2023,
  url       = {https://arxiv.org/abs/2303.18223}
}

@article{ref43,
  author    = {Humza Naveed and Asad Ullah Khan and Shi Qiu and Muhammad Saqib and Saeed Anwar and Muhammad Usman and Naveed Akhtar and Nick Barnes and Ajmal Mian},
  title     = {A Comprehensive Overview of Large Language Models},
  journal   = {arXiv preprint arXiv:2307.06435},
  year      = {2023},
  url       = {https://arxiv.org/abs/2307.06435}
}

@article{ref44,
  author    = {Jean Kaddour and Joshua Harris and Maximilian Mozes and Herbie Bradley and Roberta Raileanu and Robert McHardy},
  title     = {Challenges and Applications of Large Language Models},
  journal   = {arXiv preprint arXiv:2307.10169},
  year      = 2023,
  url       = {https://arxiv.org/abs/2307.10169}
}

@article{ref45,
  author    = {T. Gauthier and M. Olšák and J. Urban},
  title     = {Alien coding},
  journal   = {Artificial Intelligence},
  year      = 2023,
  volume    = {323},
  pages     = {104036},
  month     = {October},
  url       = {https://www.sciencedirect.com/science/article/pii/S000437022300142X}
}

@article{ref46,
  author    = {W. van Woerkom and D. Grossi and H. Prakken and B. Verheij},
  title     = {A Fortiori Case-Based Reasoning: From Theory to Data},
  journal   = {Journal of Artificial Intelligence Research},
  year      = 2024, 
  volume    = {81}, 
  pages     = {1--38}, 
  doi       = {10.1613/jair.1.15178}, 
  url       = {https://doi.org/10.1613/jair.1.15178} 
}

@article{ref47,
  author    = {P. Totis and J. Davis and L. de Raedt and A. Kimmig},
  title     = {Lifted Reasoning for Combinatorial Counting},
  journal   = {Journal of Artificial Intelligence Research},
  year      = {2023},
  volume    = {76},
  number    = {14062},
  pages     = {1--58},
  doi       = {10.1613/jair.1.14062},
  url       = {https://doi.org/10.1613/jair.1.14062}
}

@article{ref48,
  author    = {C. Cornelio and J. Goldsmith and U. Grandi and N. Mattei and F. Rossi and K. B. Venable},
  title     = {Reasoning with PCP-Nets},
  journal   = {Journal of Artificial Intelligence Research},
  year      = 2021,
  volume    = {72},
  pages     = {1103--1161},
  doi       = {10.1613/jair.1.13009},
  url       = {https://doi.org/10.1613/jair.1.13009}
}

@article{ref49,
  author    = {Wenguan Wang and Yi Yang and Fei Wu},
  title     = {Towards Data-And Knowledge-Driven AI: A Survey on Neuro-Symbolic Computing},
  journal   = {IEEE Transactions on Pattern Analysis and Machine Intelligence},
  year      = 2024,
  note      = {Early Access},
  doi       = {10.1109/TPAMI.2024.3483273},
  url       = {https://ieeexplore.ieee.org/document/10721277}
}

@article{ref50,
  author    = {Ke Liang and Lingyuan Meng and Meng Liu and Yue Liu and Wenxuan Tu and Siwen Wang and Wen Zhang and Junwei Wang and Xiang Zhao and Xiaoyan Zhu and Enhong Chen},
  title     = {A Survey of Knowledge Graph Reasoning on Graph Types: Static, Dynamic, and Multi-Modal},
  journal   = {IEEE Transactions on Pattern Analysis and Machine Intelligence},
  year      = {2024},
  volume    = {46},
  number    = {12},
  pages     = {14061--14083},
  url       = {https://ieeexplore.ieee.org/document/10577554}
}

@article{ref51,
  author    = {Chaoqi Chen and Jiongcheng Li and Hong-Yu Zhou and Xiaoguang Han and Yue Huang and Xinghao Ding and Yizhou Yu},
  title     = {Relation Matters: Foreground-Aware Graph-Based Relational Reasoning for Domain Adaptive Object Detection},
  journal   = {IEEE Transactions on Pattern Analysis and Machine Intelligence},
  year      = {2023}, 
  volume    = {45}, 
  number    = {3}, 
  pages     = {3677--3694}, 
  doi       = {10.1109/TPAMI.2022.3179445}, 
  url       = {https://ieeexplore.ieee.org/document/9786681}
}

@article{ref52,
  author    = {Andrea Passerini and Aryo Gema and Pasquale Minervini and Burcu Sayin and Katya Tentori},
  title     = {Fostering effective hybrid human-LLM reasoning and decision making},
  journal   = {Frontiers in Artificial Intelligence},
  year      = 2025,
  volume    = {7},
  pages     = {1464690},
  url       = {https://www.frontiersin.org/articles/10.3389/frai.2024.1464690/full}
}

@article{ref53,
  author    = {Khalil El Gharib and Bakr Jundi and David Furfaro and Raja-Elie E. Abdulnour},
  title     = {AI-assisted human clinical reasoning in the ICU: beyond 'to err is human'},
  journal   = {Frontiers in Artificial Intelligence},
  year      = 2024,
  volume    = {7},
  pages     = {1506676},
  doi       = {10.3389/frai.2024.1506676},
  url       = {https://www.frontiersin.org/articles/10.3389/frai.2024.1506676/full}
}

@article{ref54,
  author    = {Pavel Prudkov},
  title     = {On the construction of artificial general intelligence based on the correspondence between goals and means},
  journal   = {Frontiers in Artificial Intelligence},
  year      = 2025,
  volume    = {8},
  pages     = {1588726},
  url       = {https://www.frontiersin.org/articles/10.3389/frai.2025.1588726/full}
}

@article{ref55,
  author    = {Mohamed Amine Ferrag and Norbert Tihanyi and Merouane Debbah},
  title     = {From LLM Reasoning to Autonomous AI Agents: A Comprehensive Review},
  journal   = {arXiv preprint arXiv:2504.19678},
  year      = 2025,
  url       = {https://arxiv.org/abs/2504.19678}
}

@article{ref56,
  author    = {Dibyanayan Bandyopadhyay and Soham Bhattacharjee and Asif Ekbal},
  title     = {Thinking Machines: A Survey of LLM based Reasoning Strategies},
  journal   = {arXiv preprint arXiv:2503.10814},
  year      = {2025},
  url       = {https://arxiv.org/abs/2503.10814}
}

@article{ref57,
  author    = {DeepSeek-AI and Daya Guo and Dejian Yang and Haowei Zhang and Junxiao Song and Ruoyu Zhang and Runxin Xu and Qihao Zhu and Shirong Ma and Peiyi Wang and Xiao Bi and Xiaokang Zhang and Xingkai Yu and Yu Wu and Z.F. Wu and Zhibin Gou and Zhihong Shao and Zhuoshu Li and Ziyi Gao and Aixin Liu and Bing Xue and Bingxuan Wang and Bochao Wu and Bei Feng and Chengda Lu and Chenggang Zhao and Chengqi Deng and Chenyu Zhang and Chong Ruan and Damai Dai and Deli Chen and Dongjie Ji and Erhang Li and Fangyun Lin and Fucong Dai and Fuli Luo and Guangbo Hao and Guanting Chen and Guowei Li and H. Zhang and Han Bao and et al.},
  title     = {DeepSeek-R1: Incentivizing Reasoning Capability in LLMs via Reinforcement Learning},
  journal   = {arXiv preprint arXiv:2501.12948},
  year      = {2025},
  url       = {https://arxiv.org/abs/2501.12948}
}

@article{ref58,
  author    = {Tobias Hille and Maximilian Stubbemann and Tom Hanika},
  title     = {Reproducibility and Geometric Intrinsic Dimensionality: An Investigation on Graph Neural Network Research},
  journal   = {Transactions on Machine Learning Research},
  year      = {2024},
  volume    = {2024},
  url       = {https://openreview.net/forum?id=vCb_76qX4S}
}

@article{ref59,
  author    = {Georgios Sidiropoulos and Samarth Bhargav and Panagiotis Eustratiadis and Evangelos Kanoulas},
  title     = {Multivariate Dense Retrieval: A Reproducibility Study under a Memory-limited Setup},
  journal   = {Transactions on Machine Learning Research},
  year      = {2025},
  volume    = {2025},
  month     = {Jan},
  url       = {https://openreview.net/forum?id=rHmc5Y6ICg}
}

@article{ref60,
  author    = {Jose L. Garcia and Karolina Hajkova and Maria Marchenko and Carlos Miguel Patiño},
  title     = {Reproducibility Study of 'Cooperation, Competition, and Maliciousness: LLM-Stakeholders Interactive Negotiation'},
  journal   = {Transactions on Machine Learning Research},
  year      = 2025, 
  volume    = {2025}, 
  month     = apr,
  url       = {https://openreview.net/forum?id=yYb8lvT0KJ}
}

@article{ref61,
  author    = {Nick McGreivy and Ammar Hakim},
  title     = {Weak baselines and reporting biases lead to overoptimism in machine learning for fluid-related partial differential equations},
  journal   = {Nature Machine Intelligence},
  year      = 2024,
  volume    = 6,
  number    = 10,
  pages     = {1256--1269},
  url       = {https://www.nature.com/articles/s42256-024-00897-5}
}

@article{ref62,
  author    = {Michael Roberts and Derek Driggs and Matthew Thorpe and Julian Gilbey and Michael Yeung and Stephan Ursprung and Angelica I. Aviles-Rivero and Christian Etmann and Cathal McCague and Lucian Beer and Jonathan R. Weir-McCall and Zhongzhao Teng and Effrossyni Gkrania-Klotsas and AIX-COVNET and James H. F. Rudd and Evis Sala and Carola-Bibiane Schönlieb},
  title     = {Common pitfalls and recommendations for using machine learning to detect and prognosticate for COVID-19 using chest radiographs and CT scans},
  journal   = {Nature Machine Intelligence},
  year      = {2021},
  volume    = {3},
  number    = {3},
  pages     = {199--217},
  doi       = {10.1038/s42256-021-00307-0},
  url       = {https://www.nature.com/articles/s42256-021-00307-0}
}

@article{ref63,
  author    = {Shushan Toneyan and Ziqi Tang and Peter K. Koo},
  title     = {Evaluating deep learning for predicting epigenomic profiles},
  journal   = {Nature Machine Intelligence},
  year      = 2022, 
  volume    = 4, 
  number    = 12, 
  pages     = {1088--1100}, 
  doi       = {10.1038/s42256-022-00570-9}, 
  url       = {https://www.nature.com/articles/s42256-022-00570-9} 
}

@article{ref64,
  author    = {Wei Li and Yu Liu and Yuhong Guo and L. P. Chau and Zhanyu Ma},
  title     = {LibFewShot: A Comprehensive Library for Few-Shot Learning},
  journal   = {IEEE Transactions on Pattern Analysis and Machine Intelligence},
  year      = 2024,
  volume    = {46},
  number    = {3},
  pages     = {2959--2976},
  url       = {https://ieeexplore.ieee.org/document/10239698/}
}

@article{ref65,
  author    = {N. Ravi and A. Goel and J. C. Davis and G. K. Thiruvathukal},
  title     = {Improving the Reproducibility of Deep Learning Software: An Initial Investigation through a Case Study Analysis},
  journal   = {arXiv preprint arXiv:2505.03165},
  year      = 2025,
  url       = {https://arxiv.org/abs/2505.03165}
}

@article{ref66,
  author    = {H. Semmelrock and T. Ross-Hellauer and S. Kopeinik and D. Theiler and A. Haberl and S. Thalmann and D. Kowald},
  title     = {Reproducibility in Machine Learning-based Research: Overview, Barriers and Drivers},
  journal   = {arXiv preprint arXiv:2406.14325, Accepted for publication in AI Magazine},
  year      = {2025},
  url       = {https://arxiv.org/abs/2406.14325}
}

@article{ref67,
  author    = {E. Raff and M. Benaroch and S. Samtani and A. L. Farris},
  title     = {What Do Machine Learning Researchers Mean by 'Reproducible'?},
  journal   = {arXiv preprint arXiv:2412.03854, To appear in AAAI 2025, Senior Member Presentation Track},
  year      = {2024},
  url       = {https://arxiv.org/abs/2412.03854}
}

@article{ref68,
  author    = {L. Pan and M. Saxon and W. Xu and D. Nathani and X. Wang and W. Y. Wang},
  title     = {Automatically Correcting Large Language Models: Surveying the Landscape of Diverse Automated Correction Strategies},
  journal   = {Transactions of the Association for Computational Linguistics},
  year      = {2024},
  volume    = {12},
  pages     = {1--19},
  url       = {https://aclanthology.org/2024.tacl-1.2.pdf}
}

@article{ref69,
  author    = {T. Zhang and F. Ladhak and E. Durmus and P. Liang and K. McKeown and T. B. Hashimoto},
  title     = {Benchmarking Large Language Models for News Summarization},
  journal   = {Transactions of the Association for Computational Linguistics},
  year      = 2024, 
  volume    = {12}, 
  pages     = {45--62}, 
  url       = {https://aclanthology.org/2024.tacl-1.4.pdf}
}

@article{ref70,
  author    = {N. F. Liu and K. Lin and J. Hewitt and A. Paranjape and M. Bevilacqua and F. Petroni and P. Liang},
  title     = {Lost in the Middle: How Language Models Use Long Contexts},
  journal   = {Transactions of the Association for Computational Linguistics},
  year      = 2024,
  volume    = {12},
  pages     = {103--117},
  doi       = {10.1162/tacl_a_00638},
  url       = {https://aclanthology.org/2024.tacl-1.10.pdf}
}

@article{ref71,
  author    = {Junichi Tsujii},
  title     = {Natural Language Processing and Computational Linguistics},
  journal   = {Computational Linguistics},
  year      = 2021,
  volume    = {47},
  number    = {4},
  pages     = {707--727},
  doi       = {10.1162/coli_a_00420},
  url       = {https://aclanthology.org/2021.cl-4.24/}
}

@article{ref72,
  author    = {Marcos Garcia},
  title     = {Embeddings in Natural Language Processing: Theory and Advances in Vector Representations of Meaning},
  journal   = {Computational Linguistics},
  year      = 2021,
  volume    = {47},
  number    = {3},
  pages     = {699--701},
  doi       = {10.1162/coli_r_00410},
  url       = {https://aclanthology.org/2021.cl-3.22/}
}

@article{ref73,
  author    = {George Chrysostomou},
  title     = {Explainable Natural Language Processing},
  journal   = {Computational Linguistics},
  year      = 2022,
  volume    = {48},
  number    = {4},
  pages     = {1137--1139},
  doi       = {10.1162/coli_r_00460},
  url       = {https://aclanthology.org/2022.cl-4.22/}
}

@article{ref74,
  author    = {Haijie Ding and Xiaolong Xu},
  title     = {SAN-T2T: An automated table-to-text generator based on selective attention network},
  journal   = {Natural Language Engineering},
  year      = {2024},
  volume    = {30},
  number    = {3},
  pages     = {429--453},
  url       = {https://www.cambridge.org/core/journals/natural-language-engineering/article/sant2t-an-automated-tabletotext-generator-based-on-selective-attention-network/20AA8938239332A0E6C8884DA8329D82}
}

@article{ref75,
  author    = {Xin Shen and Wai Lam and Shumin Ma and Huadong Wang},
  title     = {Joint learning of text alignment and abstractive summarization for long documents via unbalanced optimal transport},
  journal   = {Natural Language Engineering},
  year      = 2024, 
  volume    = {30}, 
  number    = {3}, 
  pages     = {525--553},
  url       = {https://www.cambridge.org/core/journals/natural-language-engineering/article/joint-learning-of-text-alignment-and-abstractive-summarization-for-long-documents-via-unbalanced-optimal-transport/46EF85C92B3E4158D89DC2C43E55D621} 
}

@article{ref76,
  author    = {Figen Beken Fikri and Kemal Oflazer and Berrin Yanıkoğlu},
  title     = {Abstractive summarization with deep reinforcement learning using semantic similarity rewards},
  journal   = {Natural Language Engineering},
  year      = 2023, 
  volume    = {30}, 
  number    = {3}, 
  pages     = {554--576}, 
  url       = {https://www.cambridge.org/core/journals/natural-language-engineering/article/abstractive-summarization-with-deep-reinforcement-learning-using-semantic-similarity-rewards/5A2F74A2BF5FE5AB80206C772E6B7B5B}
}

@article{ref77,
  author    = {Bin Wang and C.-C. Jay Kuo},
  title     = {SBERT-WK: A Sentence Embedding Method by Dissecting BERT-Based Word Models},
  journal   = {IEEE/ACM Transactions on Audio, Speech, and Language Processing},
  year      = 2020, 
  volume    = {28}, 
  pages     = {2146--2157}, 
  doi       = {10.1109/TASLP.2020.3007833}, 
  url       = {https://ieeexplore.ieee.org/document/9140343}
}

@article{ref78,
  author    = {Yinhe Zheng and Guanyi Chen and Minlie Huang},
  title     = {Out-of-Domain Detection for Natural Language Understanding in Dialog Systems},
  journal   = {IEEE/ACM Transactions on Audio, Speech, and Language Processing},
  year      = 2020, 
  volume    = {28}, 
  pages     = {1198--1207}, 
  url       = {https://ieeexplore.ieee.org/document/9052492}
}

@article{ref79,
  author    = {Xuenan Xu and Ziliang Xie and Mengyue Wu and Kai Yu},
  title     = {Beyond the Status Quo: A Contemporary Survey of Multi-View Learning in Speech and Language Processing},
  journal   = {IEEE/ACM Transactions on Audio, Speech, and Language Processing},
  year      = 2023,
  volume    = {32},
  pages     = {95--112},
  doi       = {10.1109/TASLP.2023.3321968},
  url       = {https://ieeexplore.ieee.org/document/10285526}
}

@article{ref80,
  author    = {Jiajie Jin and Xiaoxi Li and Guanting Dong and Yuyao Zhang and Yutao Zhu and Yongkang Wu and Zhonghua Li and Qi Ye and Zhicheng Dou},
  title     = {Hierarchical Document Refinement for Long-context Retrieval-augmented Generation},
  journal   = {arXiv preprint arXiv:2505.10413},
  year      = {2025},
  url       = {https://arxiv.org/abs/2505.10413}
}

@article{ref81,
  author    = {Yue Guo and Jae Ho Sohn and Gondy Leroy and Trevor Cohen},
  title     = {Are LLM-generated plain language summaries truly understandable? A large-scale crowdsourced evaluation},
  journal   = {arXiv preprint arXiv:2505.10409},
  year      = 2025,
  url       = {https://arxiv.org/abs/2505.10409}
}

@article{ref82,
  author    = {Michael Fire and Yitzhak Elbazis and Adi Wasenstein and Lior Rokach},
  title     = {Dark LLMs: The Growing Threat of Unaligned AI Models},
  journal   = {arXiv preprint arXiv:2505.10066},
  year      = {2025},
  url       = {https://arxiv.org/abs/2505.10066}
}

@article{ref83,
  author    = {J. Kauffmann and M. Esders and L. Ruff and G. Montavon and K.-R. M{\"u}ller and W. Samek},
  title     = {From Clustering to Cluster Explanations via Neural Networks},
  journal   = {IEEE Transactions on Neural Networks and Learning Systems},
  year      = {2024},
  volume    = {35},
  number    = {2},
  pages     = {1926--1940},
  doi       = {10.1109/TNNLS.2022.3185901},
  url       = {https://ieeexplore.ieee.org/document/9817459/}
}

@article{ref84,
  author    = {Y. Ge and Y. Xiao and Z. Xu and M. Zheng and S. Karanam and T. Chen and L. Itti and Z. Wu},
  title     = {A Peek Into the Reasoning of Neural Networks: Interpreting With Structural Visual Concepts},
  journal   = {IEEE Transactions on Neural Networks and Learning Systems},
  year      = {2021},
  volume    = {32},
  number    = {1},
  pages     = {121-135},
  url       = {https://ieeexplore.ieee.org/document/9146584/}
}

@article{ref85,
  author    = {Wenxin Li and Shutian Zhang and Lin Lei and Hua Liu and Zhen Liu and Jingdong Li},
  title     = {Learning Deep Generative Clustering via Mutual Information Maximization},
  journal   = {IEEE Transactions on Neural Networks and Learning Systems},
  year      = 2023,
  volume    = 34,
  number    = 9,
  pages     = {6263--6277},
  doi       = {10.1109/TNNLS.2022.3150195},
  url       = {https://ieeexplore.ieee.org/document/9669125/}
}

@article{ref86,
  author    = {P. Veličković and C. Blundell},
  title     = {Neural algorithmic reasoning},
  journal   = {Patterns},
  year      = 2021,
  volume    = {2},
  number    = {7},
  pages     = {100273},
  doi       = {10.1016/j.patter.2021.100273},
  url       = {https://doi.org/10.1016/j.patter.2021.100273}
}

@article{ref87,
  author    = {M. Yang and Y. Wang and Y. Gu},
  title     = {Language-based reasoning graph neural network for commonsense question answering},
  journal   = {Neural Networks},
  year      = 2025,
  volume    = {181},
  pages     = {106816},
  month     = jan,
  doi       = {10.1016/j.neunet.2024.106816},
  url       = {https://doi.org/10.1016/j.neunet.2024.106816}
}

@article{ref88,
  author    = {W. Liu and Z. Ren and L. Chen},
  title     = {Knowledge reasoning based on graph neural networks with multi-layer top-p message passing and sparse negative sampling},
  journal   = {Knowledge-Based Systems},
  year      = 2025,
  volume    = {311},
  pages     = {113063},
  doi       = {10.1016/j.knosys.2025.113063},
  url       = {https://www.sciencedirect.com/science/article/pii/S0950705125001108}
}

@article{ref89,
  author    = {Di Chen and Yiwei Bai and Sebastian Ament and Wenting Zhao and Dan Guevarra and Lan Zhou and Bart Selman and R. Bruce van Dover and John M. Gregoire and Carla P. Gomes},
  title     = {Automating crystal-structure phase mapping by combining deep learning with constraint reasoning},
  journal   = {Nature Machine Intelligence},
  year      = 2021,
  volume    = {3},
  number    = {9},
  pages     = {812--822},
  doi       = {10.1038/s42256-021-00384-1},
  url       = {https://www.nature.com/articles/s42256-021-00384-1}
}

@article{ref90,
  author    = {Laura E. Su\'arez and Blake A. Richards and Guillaume Lajoie and Bratislav Misic},
  title     = {Learning function from structure in neuromorphic networks},
  journal   = {Nature Machine Intelligence},
  year      = 2021,
  volume    = {3},
  number    = {9},
  pages     = {771--786},
  doi       = {10.1038/s42256-021-00376-1},
  url       = {https://www.nature.com/articles/s42256-021-00376-1}
}

@article{ref91,
  author    = {Michael A. Skinnider and R. Greg Stacey and David S. Wishart and Leonard J. Foster},
  title     = {Chemical language models enable navigation in sparsely populated chemical space},
  journal   = {Nature Machine Intelligence},
  year      = 2021, 
  volume    = {3}, 
  number    = {9}, 
  pages     = {759--770}, 
  url       = {https://www.nature.com/articles/s42256-021-00368-1}
}

@article{ref92,
  author    = {M. Bober-Irizar and S. Banerjee},
  title     = {Neural networks for abstraction and reasoning: Towards broad generalization in machines},
  journal   = {arXiv preprint arXiv:2402.03507 [cs.AI]},
  year      = {2024},
  url       = {https://arxiv.org/abs/2402.03507}
}

@article{ref93,
  author    = {S. Carrow and K. H. Erwin and O. Vilenskaia and P. Ram and T. Klinger and N. A. Khan and N. Makondo and A. Gray},
  title     = {Neural Reasoning Networks: Efficient Interpretable Neural Networks With Automatic Textual Explanations},
  journal   = {arXiv preprint arXiv:2410.07966},
  year      = 2024,
  url       = {https://arxiv.org/abs/2410.07966}
}

@article{ref94,
  author    = {Q. Chen and Y. Hu and X. Peng and Q. Xie and Q. Jin and A. Gilson and M. B. Singer and X. Ai and P.-T. Lai and Z. Wang and V. K. Keloth and K. Raja and J. Huang and H. He and F. Lin and J. Du and R. Zhang and W. J. Zheng and R. A. Adelman and Z. Lu and H. Xu},
  title     = {Benchmarking large language models for biomedical natural language processing applications and recommendations},
  journal   = {Nature Communications},
  year      = 2025,
  volume    = {16},
  number    = {1},
  pages     = {Article number: 3280},
  doi       = {10.1038/s41467-025-56989-2},
  url       = {https://www.nature.com/articles/s41467-025-56989-2}
}

@article{ref95,
  author    = {Chaoyi Wu and Pengcheng Qiu and Jinxin Liu and Hongfei Gu and Na Li and Ya Zhang and Yanfeng Wang and Weidi Xie},
  title     = {Towards evaluating and building versatile large language models for medicine},
  journal   = {npj Digital Medicine},
  year      = 2025,
  volume    = {8},
  number    = {},
  pages     = {},
  doi       = {10.1038/s41746-024-01390-4},
  url       = {https://www.nature.com/articles/s41746-024-01390-4}
}

@article{ref96,
  author    = {Nicholas Riccardi and Xuan Yang and Rutvik H. Desai},
  title     = {The Two Word Test as a semantic benchmark for large language models},
  journal   = {Scientific Reports},
  year      = 2024,
  volume    = {14},
  number    = {},
  pages     = {},
  doi       = {10.1038/s41598-024-72528-3},
  url       = {https://www.nature.com/articles/s41598-024-72528-3}
}

@article{ref97,
  author    = {A. Waldis and Y. Perlitz and L. Choshen and Y. Hou and I. Gurevych},
  title     = {Holmes ⌕ A Benchmark to Assess the Linguistic Competence of Language Models},
  journal   = {Transactions of the Association for Computational Linguistics},
  year      = 2024,
  volume    = {12},
  pages     = {1616--1647},
  url       = {https://aclanthology.org/2024.tacl-1.88}
}

@article{ref98,
  author    = {Zhengbao Jiang and Frank F. Xu and Jun Araki and Graham Neubig},
  title     = {How Can We Know What Language Models Know?},
  journal   = {Transactions of the Association for Computational Linguistics},
  year      = 2020, 
  volume    = {8}, 
  pages     = {423--438}, 
  doi       = {10.1162/tacl_a_00324}, 
  url       = {https://aclanthology.org/2020.tacl-1.28/} 
}

@article{ref99,
  author    = {Alex Warstadt and Alicia Parrish and Haokun Liu and Anhad Mohananey and Wei Peng and Sheng-Fu Wang and Samuel R. Bowman},
  title     = {BLiMP: The Benchmark of Linguistic Minimal Pairs for English},
  journal   = {Transactions of the Association for Computational Linguistics},
  year      = 2020,
  volume    = {8},
  pages     = {377--392},
  url       = {https://aclanthology.org/2020.tacl-1.25/}
}

@article{ref100,
  author    = {Sascha Rothe and Shashi Narayan and Aliaksei Severyn},
  title     = {Leveraging Pre-trained Checkpoints for Sequence Generation Tasks},
  journal   = {Transactions of the Association for Computational Linguistics},
  year      = 2020, 
  volume    = {8}, 
  pages     = {264--280}, 
  url       = {https://aclanthology.org/2020.tacl-1.18/} 
}

@article{ref101,
  author    = {S. W. Yang and H. J. Chang and Z. Huang and A. T. Liu and P. Su and W. Cheng and Y. Li and M. Wu and J. Lee and O. Hussein and M. Maciejewski and X. Zeng and C. H. Chen and Y. Tsao and D. Su and P. Beh and P. Zhang and Y. Shinohara and F. Weninger and F. Ni and S. Watanabe and T. Hori and A. Subramanian and K. K. Chin and P. Garcia-Perera and M. L. Seltzer and H. Y. Lee},
  title     = {A Large-Scale Evaluation of Speech Foundation Models},
  journal   = {IEEE/ACM Transactions on Audio, Speech, and Language Processing},
  year      = 2024, 
  volume    = {32}, 
  pages     = {2884--2899}, 
  url       = {https://ieeexplore.ieee.org/document/10502279} 
}

@article{ref102,
  author    = {L. Della Libera and P. Mousavi and S. Zaiem and C. Subakan and M. Ravanelli},
  title     = {CL-MASR: A Continual Learning Benchmark for Multilingual ASR},
  journal   = {IEEE/ACM Transactions on Audio, Speech, and Language Processing},
  year      = 2024,
  volume    = {32},
  pages     = {4486--4500},
  doi       = {10.1109/TASLP.2024.3487410},
  url       = {https://ieeexplore.ieee.org/document/10737390/}
}

@article{ref103,
  author    = {Y. Wang and Y. Zhang and P. Li and Y. Liu},
  title     = {Gradual Syntactic Label Replacement for Language Model Pre-Training},
  journal   = {IEEE/ACM Transactions on Audio, Speech, and Language Processing},
  year      = 2024,
  volume    = {32},
  pages     = {961--972},
  doi       = {10.1109/TASLP.2023.3331096},
  url       = {https://ieeexplore.ieee.org/document/10315017}
}

@article{ref104,
  author    = {Y. Perlitz and E. Bandel and A. Gera and O. Arviv and L. Ein-Dor and E. Shnarch and N. Slonim and M. Shmueli-Scheuer and L. Choshen},
  title     = {Efficient Benchmarking of Language Models},
  journal   = {arXiv preprint arXiv:2308.11696, Computation and Language (cs.CL), accepted to NAACL},
  year      = 2024,
  volume    = {v5},
  pages     = {1--19},
  url       = {https://arxiv.org/abs/2308.11696}
}

@article{ref105,
  author    = {J. Chen and H. Lin and X. Han and L. Sun},
  title     = {Benchmarking Large Language Models in Retrieval-Augmented Generation},
  journal   = {arXiv preprint arXiv:2309.01431, Computation and Language (cs.CL)},
  year      = 2023,
  pages     = {1--14},
  url       = {https://arxiv.org/abs/2309.01431},
  note      = {v2, accepted to AAAI 2024}
}

@article{ref106,
  author    = {T. Kew and A. Chi and L. Vásquez-Rodríguez and S. Agrawal and D. Aumiller and F. Alva-Manchego and M. Shardlow},
  title     = {BLESS: Benchmarking Large Language Models on Sentence Simplification},
  journal   = {arXiv preprint arXiv:2310.15773},
  year      = {2023},
  pages     = {1--9},
  url       = {https://arxiv.org/abs/2310.15773}
}

@article{ref107,
  author    = {M. N. Nityasya and K. Christodoulopoulos and F. B. Bastani and J. Kwiatkowski},
  title     = {A Case for More Rigour in Language Model Pre-Training: Replicability, Reporting, and Evaluations},
  journal   = {Transactions of the Association for Computational Linguistics},
  year      = 2023, 
  volume    = {11}, 
  pages     = {1343--1358}, 
  url       = {https://aclanthology.org/2023.tacl-1.75/}
}

@article{ref108,
  author    = {Y. In'nami and A. Mizumoto and L. Plonsky and R. Koizumi},
  title     = {Promoting computationally reproducible research in applied linguistics: Recommended practices and considerations},
  journal   = {Research Methods in Applied Linguistics},
  year      = 2022, 
  volume    = {1}, 
  number    = {3}, 
  pages     = {100030}, 
  doi       = {10.1016/j.rmal.2022.100030}, 
  url       = {https://doi.org/10.1016/j.rmal.2022.100030}
}

@article{ref109,
  author    = {K. Zhu and S. M. Sindagi and S. Tao and C. Monfort and S. Pintea and T. Goldstein and A. Shrivastava and L. S. Davis and R. Feris},
  title     = {A Unified Library for Evaluation of Large Language Models},
  journal   = {Journal of Machine Learning Research},
  year      = 2024, 
  volume    = {25}, 
  pages     = {1--53}, 
  url       = {https://jmlr.org/papers/volume25/24-0023/24-0023.pdf} 
}

@article{ref110,
  author    = {T. Flaminio and H. Hosni},
  title     = {Logics for the new AI spring},
  journal   = {Artificial Intelligence},
  year      = {2023},
  volume    = {323},
  pages     = {104033},
  url       = {https://www.sciencedirect.com/science/article/pii/S000437022300139X}
}

@article{ref111,
  author    = {M. Krötzsch and S. Rudolph},
  title     = {Complexity of rule-based inference on signed data},
  journal   = {Artificial Intelligence},
  year      = 2023,
  volume    = {323},
  pages     = {104029},
  month     = {October},
  url       = {https://www.sciencedirect.com/science/article/pii/S0004370223001352}
}

@article{ref112,
  author    = {Frank Mohr and Oliver Niggemann and Alexander Schill},
  title     = {Fast and Informative Model Selection Using Learning Curve Cross-Validation},
  journal   = {IEEE Transactions on Pattern Analysis and Machine Intelligence},
  year      = 2024, 
  volume    = {46}, 
  number    = {4}, 
  pages     = {3877--3893}, 
  url       = {https://ieeexplore.ieee.org/document/10064171/}
}