@article{ref1,
  author    = {Morocho-Cayamcela, M. E. and Lee, W. and Lim, W.},
  title     = {{Machine Learning for 5G/B5G Mobile and Wireless Communications: Potential, Limitations, and Future Directions}},
  journal   = {IEEE Access},
  year      = {2019},
  volume    = {7},
  pages     = {137184--137206},
  doi       = {10.1109/ACCESS.2019.2940601},
  url       = {https://ieeexplore.ieee.org/document/8844682/}
}}

The final answer is formatted BibTeX entry

@article{{ref3},
  author    = {{Barros, S.}},
  title     = {{Solving {AI} Foundational Model Latency with Telco Infrastructure}},
  journal   = {{arXiv preprint arXiv:2504.03708}},
  year      = {2025},
  month     = apr,
  eprint    = {{2504.03708}},
  archivePrefix = {arXiv},
  url       = {{https://arxiv.org/abs/2504.03708}}
}}}

@article{ref4,
  author        = {Yuan, Dun and Zhou, Hao and Wu, Dongjie and Liu, Xue and Chen, Hao and Xin, Yan and Zhang, Jianzhong},
  title         = {{Enhancing Large Language Models (LLMs) for Telecommunications using Knowledge Graphs and Retrieval-Augmented Generation}},
  journal       = {arXiv preprint arXiv:2503.24245},
  year          = {2025},
  month         = mar,
  eprint        = {2503.24245},
  archivePrefix = {arXiv},
  primaryClass  = {cs.CL},
  url           = {https://arxiv.org/abs/2503.24245},
  note          = {Accepted to ICC 2025. Apparent future submission date.}
}

@misc{ref5,
  author       = {M. Alâ€‘Eidi and M. Shojaei and M. Mirhosseini and M. Zarepour and K. K. Chai and A. Boukerche},
  title        = {Generative AI for Secure Physical Layer Communications: A Survey},
  year         = {2024},
  howpublished = {arXiv preprint arXiv:2402.13553},
  url          = {https://arxiv.org/abs/2402.13553}
}

The final answer is the BibTeX entry formatted as requested.

@article{ref7,
  author    = {Zhang, H. and Xiao, Y. and Liu, S. and Yuan, Y. and Tian, W. and Liang, Y.-C.},
  title     = {Overview of AI and communication for 6G network},
  journal   = {Sci. China Inf. Sci.},
  year      = {2024}, 
  volume    = {67}, 
  number    = {7}, 
  pages     = {171301}, 
  doi       = {10.1007/s11432-024-4337-1}, 
  url       = {https://link.springer.com/article/10.1007/s11432-024-4337-1} 
}

@article{ref8,
  author    = {Gao, Q. and Xu, P. and Hu, X. and Lin, Y. and Wu, S. and Zhao, W. X.},
  title     = {{When Large Language Models Meet Vector Databases: A Survey}},
  journal   = {arXiv preprint arXiv:2402.01763},
  year      = {2024},
  url       = {https://arxiv.org/abs/2402.01763}
}

@misc{ref9,
  author    = {D. Shakya and Z. M. Fadlullah and F. T. Zohra and S. K. Ghosh and N. Nasser},
  title     = {Generative AI for the Optimization of Next Generation Wireless Networks},
  year      = {2024},
  eprint    = {2405.17454},
  archivePrefix = {arXiv},
  url       = {https://arxiv.org/abs/2405.17454}
}

@article{ref10,
  author    = {O. A. Amodu and M. Behjati and G. Gomez and F. Garcia and H. Zabihian and S. Ghasemi-Niri},
  title     = {Technical Advancements Toward {RIS}-Assisted {NTN}-Based {THz} Communication for {6G} and Beyond},
  journal   = {IEEE Access},
  year      = {2024},
  volume    = {12},
  pages     = {15016--15048},
  doi       = {10.1109/ACCESS.2024.3491715},
  url       = {https://ieeexplore.ieee.org/document/10776962/}
}

@inproceedings{ref11,
  author    = {Sethi, Amit Kumar and Sharma, Alok and Singh, Aman and Singh, Navneet and Y, Kishore Babu},
  title     = {5G Network Management System With Machine Learning Based Analytics},
  booktitle = {2022 IEEE International Conference on Communications Workshops (ICC Workshops)},
  year      = {2022},
  pages     = {485-490},
  doi       = {10.1109/ICCWorkshops53468.2022.9826713},
  url       = {https://ieeexplore.ieee.org/document/9826713/}
}

@article{ref12,
  author    = {Abdullahi, A. S. and Ahmad, I. B. and Adekola, O. S. and Usman, I. B. and Onimisi, A. J. and Alhassan, A. D. and Musa, S. M. and Aritson, M. J.},
  title     = {Applications of Machine Learning in Networking: A Survey of Current Issues and Future Challenges},
  journal   = {IEEE Access},
  year      = {2021},
  volume    = {9},
  pages     = {50338-50364},
  doi       = {10.1109/ACCESS.2021.3068892},
  url       = {https://ieeexplore.ieee.org/document/9388670/}
}

@inproceedings{ref13,
  author    = {Zhao, Yuting and Wu, Shilian and Li, Hengfei},
  title     = {{A Review Towards AI Empowered 6G Communication Requirements, Applications, and Technologies in Mobile Edge Computing}},
  booktitle = {{2022 IEEE International Conference on Communications Workshops (ICC Workshops)}},
  year      = {2022},
  pages     = {1333--1338},
  doi       = {10.1109/ICCWorkshops53468.2022.9754049},
  url       = {https://ieeexplore.ieee.org/document/9754049/}
}

@article{ref14,
  author    = {Yao, Z. and Liu, C. and Wu, J. and Chen, Z. and Yu, F. R. and Leung, V. C. M.},
  title     = {{VELO: A Vector Database-Assisted Cloud-Edge Collaborative Large Language Model Inference Framework}},
  journal   = {arXiv preprint arXiv:2406.13399},
  year      = {2024},
  url       = {https://arxiv.org/abs/2406.13399}
}}

@article{ref15,
  author    = {Wu, H. and Shi, W. and Zhang, J. and Han, Z. and Saad, W. and Letaief, K. B.},
  title     = {{IoT in the Era of Generative AI: Vision and Challenges}},
  journal   = {arXiv preprint arXiv:2401.01923},
  year      = {2024},
  url       = {https://arxiv.org/abs/2401.01923}
}

@article{ref16,
  author    = {Lu, Q. and Zhu, L. and Whittle, J. and Xu, X. and Beydoun, G. and Zowghi, D. and Fujita, H. and Ralph, P.},
  title     = {{Toward Responsible AI in the Era of Generative AI: A Reference Architecture for Designing Foundation Model-Based Systems}},
  journal   = {{IEEE Software}},
  year      = {2024},
  volume    = {41},
  number    = {3},
  pages     = {54--63},
  doi       = {10.1109/MS.2024.3399273},
  url       = {https://ieeexplore.ieee.org/document/10553223/}
}

@article{ref17,
  author    = {{Qu, B. and Jiang, Y. and Wang, X. and Zhao, Z. and Peng, C. and Zhang, H. and Zhang, W.}},
  title     = {{WirelessLLM: Empowering Large Language Models Towards Wireless Intelligence}},
  journal   = {{IEEE Access}},
  year      = {2024},
  volume    = {12},
  pages     = {34916--34927},
  doi       = {{10.1109/ACCESS.2024.3373077}},
  url       = {{https://ieeexplore.ieee.org/document/10582827/}}
}

@article{ref18,
  author    = {J. N. Clark and P. Ilangovan and S. Bidaj and V. Chandrasekhar and P. Sharma and P. Basu},
  title     = {{Using Large Language Models to Understand Telecom Network Operations Log Data}},
  journal   = {arXiv preprint arXiv:2404.02929},
  year      = {2024},
  eprint    = {2404.02929},
  archivePrefix = {arXiv},
  url       = {https://arxiv.org/abs/2404.02929}
}

@article{ref19,
  author    = {H. Du and J. Zhu and J. Liu and A. Celik and Z. Han and H. V. Poor},
  title     = {{A Tutorial on Generative Diffusion Models in Network Communication}},
  journal   = {{IEEE Communications Surveys \& Tutorials}},
  year      = {2024},
  pages     = {1--39},
  doi       = {10.1109/COMST.2024.3395914},
  url       = {https://ieeexplore.ieee.org/document/10529221/}
}

@article{ref20,
  author    = {Zhao, C. and Feng, C. and Wu, Q. and Wei, Z. and Chen, J. and Al-Dhahir, N.},
  title     = {{Enhancing Physical Layer Communication Security using Generative AI Empowered by Mixture-of-Experts: Joint Eavesdropping and Jamming}},
  journal   = {IEEE Journal on Selected Areas in Communications},
  year      = {2025},
  pages     = {1--16},
  doi       = {10.1109/JSAC.2025.3488216},
  url       = {https://ieeexplore.ieee.org/document/10839236/}
}}

@article{ref21,
  author    = {He, L. and Tang, J. and Zhang, S. and Wu, Q. and Niyato, D. and Han, Z.},
  title     = {{Generative AI for Game Theory-Based Mobile Networking: Concepts, Use Cases, Challenges, and Future Directions}},
  journal   = {{IEEE Wireless Communications}},
  year      = {2025},
  pages     = {1--8},
  doi       = {10.1109/MWC.2024.3497004},
  url       = {https://ieeexplore.ieee.org/document/10872872/}
}

@article{ref22,
  author    = {Liang, C. and Huang, T. and Wang, W. and Yu, F. R. and Han, Z. and Poor, H. V.},
  title     = {Generative AI-Driven Semantic Communication Networks: Architecture, Technologies, and Applications},
  journal   = {IEEE Communications Magazine},
  year      = {2024},
  pages     = {1--7},
  doi       = {10.1109/MCOM.001.2300679},
  url       = {https://ieeexplore.ieee.org/document/10614204/}
}

@article{ref24,
  author    = {Kaiming Zhang and Lei Xia and Hui Gao and Tao Jiang},
  title     = {A Generative AI-aided Semantic Communication Framework for Visual Data Transmission},
  journal   = {IEEE Journal of Selected Topics in Signal Processing},
  year      = {2025},
  pages     = {1--15},
  doi       = {10.1109/JSTSP.2024.3485868},
  url       = {https://ieeexplore.ieee.org/document/10829825/}
}}

@article{ref25,
  author    = {Luo, B. and others},
  title     = {{A Survey on Large Language Models for Communication, Network, and Related Applications}},
  journal   = {{arXiv preprint arXiv:2312.19823}},
  year      = {2023},
  url       = {https://arxiv.org/abs/2312.19823}
}

@article{ref26,
  author        = {Rajasekaran, S. and Muthusamy, P. and Zarepour, M. and Jo, M.},
  title         = {{Applications of Generative AI (GAI) for Mobile and Wireless Communication Networks: A Comprehensive Survey}},
  journal       = {arXiv preprint arXiv:2405.20024},
  year          = {2024},
  eprint        = {2405.20024},
  archivePrefix = {arXiv},
  url           = {https://arxiv.org/abs/2405.20024}
}}}

@article{ref27,
  author    = {Edozie, E. and Shuaibu, A. N. and Sadiq, B. O. and John, U. K.},
  title     = {{Artificial intelligence advances in anomaly detection for telecom networks}},
  journal   = {{Artificial Intelligence Review}},
  year      = {2025}, 
  volume    = {58}, 
  pages     = {100}, 
  doi       = {{10.1007/s10462-025-11108-x}}, 
  url       = {{https://link.springer.com/article/10.1007/s10462-025-11108-x}} 
}

@inproceedings{ref28,
  author    = {Theodoridis, V. and Makris, G. and Tsitseklis, K. and Christophides, V. and Kotronis, V. and Ioannidis, S.},
  title     = {Utilizing Deep Learning for Mobile Telecommunications Network Management},
  booktitle = {2019 IFIP/IEEE Symposium on Integrated Network and Service Management (IM)},
  year      = {2019},
  pages     = {139-146},
  doi       = {10.1109/INMSM.2019.8717903},
  url       = {https://ieeexplore.ieee.org/document/8717903/}
}

@article{ref29,
  author    = {{Liu, R. and Wen, C.-K. and Li, G. Y.}},
  title     = {{Generative AI for Low-Carbon Artificial Intelligence of Things: Vision, Challenges and Framework}},
  journal   = {{arXiv preprint arXiv:2404.18077}},
  year      = {2024},
  url       = {{https://arxiv.org/abs/2404.18077}}
}

@article{ref31,
  author    = {Yen-Chun Wang and Yung-Tsung Lee and Hong-Yi Chen and Chi-Feng Liu and Chung-Hsien Lin and Wei-Ming Chen and Ce-Kuen Shieh},
  title     = {An Overview on Generative AI at Scale With Edgeâ€“Cloud Computing},
  journal   = {IEEE Access},
  year      = {2023},
  volume    = {11},
  pages     = {106114--106142},
  doi       = {10.1109/ACCESS.2023.3319131},
  url       = {https://ieeexplore.ieee.org/document/10268594/}
}

@misc{ref32,
  author       = {Huang, Y. and Wang, Y. and Li, Y. and Wang, S. and Luo, K. and Qin, Z. and Chen, S. and Hanzo, L.},
  title        = {{Machine Learning in Communications: A Road to Intelligent Transmission and Processing}},
  year         = {2024},
  howpublished = {arXiv preprint arXiv:2407.11595},
  url          = {https://arxiv.org/abs/2407.11595},
  eprint       = {2407.11595},
  archivePrefix = {arXiv}
}

@article{ref33,
  author    = {Tian, Y. and Yang, P. and Zhou, Y. and Hu, R. Q. and Zhang, Y. and Shi, Y.},
  title     = {{Generative Artificial Intelligence for Mobile Communications: A Diffusion Model Perspective}},
  journal   = {{IEEE Communications Magazine}},
  year      = {2024},
  volume    = {62},
  number    = {12},
  pages     = {11--17},
  doi       = {10.1109/MCOM.001.2400317},
  url       = {https://ieeexplore.ieee.org/document/10812969/}
}

@article{ref35,
  author        = {Qin, Z. and Yao, H. and Fei, Z. and Yu, F. R.},
  title         = {{Toward Agentic AI: Generative Information Retrieval Empowers Semantic Communications}},
  journal       = {arXiv preprint arXiv:2502.16866},
  year          = {2025},
  url           = {https://arxiv.org/abs/2502.16866},
  eprint        = {2502.16866},
  archivePrefix = {arXiv}
}
@article{ref30,
  author    = {Lv, L. and Liu, Y. and Xiao, Y. and Ma, S. and Zheng, G. and Ping, L.},
  title     = {{Safeguarding Next-Generation Multiple Access Using Physical Layer Security Techniques: A Tutorial}},
  journal   = {{IEEE Access}},
  year      = {2024},
  volume    = {12},
  pages     = {102287-102315},
  doi       = {10.1109/ACCESS.2024.3408336},
  url       = {https://ieeexplore.ieee.org/document/10605790/}
}

@article{ref34,
  author    = {Zaker, N. and Pratama, M. R. and Chung, S. and Nguyen, T. and Sivakumar, R.},
  title     = {{AI-RAN in 6G Networks: State-of-the-Art and Challenges}},
  journal   = {{IEEE Access}},
  year      = 2023, 
  volume    = {11}, 
  number    = {}, 
  pages     = {143472--143498}, 
  doi       = {10.1109/ACCESS.2023.3343604}, 
  url       = {https://ieeexplore.ieee.org/document/10360202/} 
}
@misc{ref2,
  author    = {Lin, Xiaoxi and Kundu, Llama and Dick, Chris and Canaveras Galdon, M. A. and Vamaraju, J. and Dutta, S. and Raman, V.},
  title     = {{A Primer on Generative AI for Telecom: From Theory to Practice}},
  year      = {2024},
  month     = aug,
  eprint    = {2408.09031},
  archivePrefix = {arXiv},
  howpublished = {arXiv preprint arXiv:2408.09031},
  url       = {https://arxiv.org/abs/2408.09031}
}

@misc{ref6,
  author    = {Zulfiqar, M. and Ahmad, S. and Shahzad, M. and Nawaz, M. H. and Ahmad, A.},
  title     = {{A Survey on the Integration of Generative AI for Critical Thinking in Telecommunication Networks}},
  year      = {2024},
  eprint    = {2404.06946},
  archivePrefix = {arXiv},
  howpublished = {arXiv preprint arXiv:2404.06946},
  url       = {https://arxiv.org/abs/2404.06946}
}

@article{ref23,
  author    = {Xia, L. and Zhang, K. and Gao, H. and Jiang, T. and Zhang, Y. and Li, G. Y.},
  title     = {{Generative AI for Semantic Communication: Challenges and Opportunities}},
  journal   = {IEEE Wireless Communications},
  year      = {2025},
  pages     = {1--8},
  doi       = {10.1109/MWC.2024.3497011},
  url       = {https://ieeexplore.ieee.org/document/10872776/}
}