@article{ref1,
  author    = {G. Franceschelli and M. Musolesi},
  title     = {Reinforcement Learning for Generative AI: State of the Art, Opportunities and Open Research Challenges},
  journal   = {Journal of Artificial Intelligence Research},
  year      = 2024,
  volume    = {79},
  pages     = {851--903},
  doi       = {10.1613/jair.1.15278},
  url       = {https://doi.org/10.1613/jair.1.15278}
}

@article{ref2,
  author    = {K. Sowa and A. Przegalinska},
  title     = {From Expert Systems to Generative Artificial Experts: A New Concept for Human-AI Collaboration in Knowledge Work},
  journal   = {Journal of Artificial Intelligence Research},
  year      = 2025, 
  volume    = {82}, 
  pages     = {1-31}, 
  doi       = {10.1613/jair.1.17175}, 
  url       = {https://doi.org/10.1613/jair.1.17175}
}

@article{ref3,
  author    = {L. Lin and H. Mu and Z. Zhai and M. Wang and Y. Wang and R. Wang and J. Gao and Y. Zhang and W. Che and T. Baldwin and X. Han and H. Li},
  title     = {Against The Achilles' Heel: A Survey on Red Teaming for Generative Models},
  journal   = {Journal of Artificial Intelligence Research},
  year      = 2025,
  volume    = {82},
  pages     = {191--256},
  doi       = {10.1613/jair.1.17654},
  url       = {https://doi.org/10.1613/jair.1.17654}
}

@article{ref4,
  author    = {Z. Qiao and W. Nie and A. Vahdat and T. F. Miller III and A. Anandkumar},
  title     = {State-specific protein--ligand complex structure prediction with a multiscale deep generative model},
  journal   = {Nature Machine Intelligence},
  year      = 2024,
  volume    = {6},
  pages     = {195--208},
  doi       = {10.1038/s42256-024-00792-z},
  url       = {https://www.nature.com/articles/s42256-024-00792-z}
}

@article{ref5,
  author    = {Z. Zhang and W. X. Shen and Q. Liu and M. Zitnik},
  title     = {Efficient generation of protein pockets with PocketGen},
  journal   = {Nature Machine Intelligence},
  year      = 2024,
  volume    = {6},
  pages     = {1382--1395},
  doi       = {10.1038/s42256-024-00920-9},
  url       = {https://www.nature.com/articles/s42256-024-00920-9}
}

@article{ref6,
  author    = {Du, Yuanqi and Jamasb, Arian R. and Guo, Jeff and Fu, Tianfan and Harris, Charles and Wang, Yingheng and Duan, Chenru and Li{\`o}, Pietro and Schwaller, Philippe and Blundell, Tom L.},
  title     = {Machine learning-aided generative molecular design},
  journal   = {Nature Machine Intelligence},
  year      = {2024},
  volume    = {6},
  pages     = {589--604},
  doi       = {10.1038/s42256-024-00843-5},
  url       = {https://www.nature.com/articles/s42256-024-00843-5}
}

@article{ref7,
  author    = {D. H. Hagos and R. Battle and D. B. Rawat},
  title     = {Recent Advances in Generative AI and Large Language Models: Current Status, Challenges, and Perspectives},
  journal   = {IEEE Transactions on Artificial Intelligence},
  year      = {2024},
  note      = {arXiv preprint arXiv:2407.14962, accepted for publication},
  url       = {https://arxiv.org/abs/2407.14962}
}

@article{ref8,
  author    = {S. Daniotti and J. Wachs and X. Feng and F. Neffke},
  title     = {Who is using AI to code? Global diffusion and impact of generative AI},
  journal   = {arXiv preprint arXiv:2506.08945},
  year      = 2025,
  url       = {https://arxiv.org/abs/2506.08945}
}

@article{ref9,
  author    = {N. Holzner and S. Maier and S. Feuerriegel},
  title     = {Generative AI and Creativity: A Systematic Literature Review and Meta-Analysis},
  journal   = {arXiv preprint arXiv:2505.17241},
  year      = {2025},
  url       = {https://arxiv.org/abs/2505.17241}
}

@article{ref10,
  author    = {S. A. Obead and R. Freij-Hollanti and T. Westerb√§ck and C. Hollanti},
  title     = {Private Linear Computation for Noncolluding Coded Databases},
  journal   = {IEEE Journal on Selected Areas in Communications},
  year      = 2022, 
  volume    = 40, 
  number    = 3, 
  pages     = {825--838}, 
  url       = {https://ieeexplore.ieee.org/document/9678319} 
}

@article{ref11,
  author    = {T. P. Raptis and A. Passarella and M. Conti and A. Zanni and R. Bruno},
  title     = {Distributed Data Access in Industrial Edge Networks},
  journal   = {IEEE Journal on Selected Areas in Communications},
  year      = {2020},
  volume    = {38},
  number    = {5},
  pages     = {915--927},
  doi       = {10.1109/JSAC.2020.2980917},
  url       = {https://ieeexplore.ieee.org/document/9039732}
}

@article{ref12,
  author    = {Q. Hu and G. Zhang and Z. Qin and Y. Cai and G. Yu and G. Y. Li},
  title     = {Robust Semantic Communications with Masked VQ-VAE Enabled Codebook},
  journal   = {IEEE Transactions on Wireless Communications},
  year      = 2023,
  volume    = {22},
  number    = {12},
  pages     = {8707--8722},
  doi       = {10.1109/TWC.2023.3264472},
  url       = {https://ieeexplore.ieee.org/document/10101778/}
}

@article{ref13,
  author    = {Junyong Shin and Yujin Kang and Yo-Seb Jeon},
  title     = {Vector Quantization for Deep-Learning-Based CSI Feedback in Massive MIMO Systems},
  journal   = {IEEE Wireless Communications Letters},
  year      = 2024,
  volume    = 13,
  number    = 9,
  pages     = {2382--2386},
  doi       = {10.1109/LWC.2024.3359652},
  url       = {https://ieeexplore.ieee.org/document/10560020/}
}

@article{ref14,
  author    = {J. Cai and C. Wen and C. K. Wen and S. Jin},
  title     = {Hybrid Precoding Architecture for Massive Multiuser MIMO With Dissipation: Sub-Connected or Fully Connected Structures?},
  journal   = {IEEE Transactions on Wireless Communications},
  year      = 2018,
  volume    = 17,
  number    = 3,
  pages     = {1606--1621},
  doi       = {10.1109/TWC.2018.2799198},
  url       = {https://ieeexplore.ieee.org/document/8383712/}
}

@article{ref15,
  author    = {S. Ahn and S. Kim and J. Lee and T. Kim},
  title     = {Data Embedding Scheme for Efficient Program Behavior Modeling With Neural Networks},
  journal   = {IEEE Transactions on Emerging Topics in Computational Intelligence},
  year      = {2022},
  volume    = {6},
  number    = {6},
  pages     = {982-993},
  url       = {https://ieeexplore.ieee.org/document/9772749/}
}

@article{ref16,
  author    = {N. Alabbasi and O. Erak and O. Alhussein and I. Lotfi and L. Da Xu and M. Debbah},
  title     = {TeleOracle: Fine-Tuned Retrieval-Augmented Generation With Long-Context Support for Networks},
  journal   = {IEEE Internet of Things Journal},
  year      = 2025,
  note      = {Early Access},
  url       = {https://ieeexplore.ieee.org/document/10935354/}
}

@article{ref17,
  author    = {E. Cadet and O. S. Osundare and H. O. Ekpobimi and Z. Samira and Y. W. Weldegeorgise},
  title     = {Cloud migration and microservices optimization framework for large-scale enterprises},
  journal   = {Open Access Research Journal of Engineering and Technology},
  year      = 2024, 
  volume    = {7}, 
  number    = {2}, 
  pages     = {046--059}, 
  url       = {https://oarjpublication.com/journals/oarjet/sites/default/files/OARJET-2024-0059.pdf} 
}

@article{ref18,
  author    = {S. Prasad and V. Kumar},
  title     = {Enhancing customer experience through AI-driven language processing in telecommunications},
  journal   = {Open Access Research Journal of Engineering and Technology},
  year      = 2024,
  volume    = 7,
  number    = 1,
  pages     = {102--114},
  url       = {https://oarjpublication.com/journals/oarjet/sites/default/files/OARJET-2024-0027.pdf}
}

@article{ref19,
  author    = {B. Basu and A. Sharma and P. Patil},
  title     = {Pioneering digital innovation strategies to enhance financial performance in satellite telecommunications using data analytics},
  journal   = {Open Access Research Journal of Engineering and Technology},
  year      = 2024,
  volume    = {7},
  number    = {1},
  pages     = {126--141},
  url       = {https://oarjpublication.com/journals/oarjet/sites/default/files/OARJET-2024-0029.pdf}
}

@article{ref20,
  author    = {G. M. Yilma and J. A. Ayala-Romero and A. Garcia-Saavedra and X. Costa-Perez},
  title     = {TelecomRAG: Taming Telecom Standards with Retrieval Augmented Generation and LLMs},
  journal   = {arXiv preprint arXiv:2406.07053},
  year      = 2024,
  month     = jun,
  url       = {https://arxiv.org/pdf/2406.07053}
}

@article{ref21,
  author    = {F. Jiang and W. Zhu and L. Dong and K. Wang and K. Yang and C. Pan and O. A. Dobre},
  title     = {CommGPT: A Graph and Retrieval-Augmented Multimodal Communication Foundation Model},
  journal   = {arXiv preprint arXiv:2502.18763},
  year      = {2025},
  month     = {Feb},
  url       = {https://arxiv.org/abs/2502.18763}
}

@article{ref22,
  author    = {A. Karapantelakis and M. Thakur and A. Nikou and F. Moradi and C. Olrog and F. Gaim and H. Holm and D. D. Nimara and V. Huang},
  title     = {Using Large Language Models to Understand Telecom Standards: Challenges and Lessons Learned},
  journal   = {arXiv preprint arXiv:2404.02929},
  year      = {2024},
  month     = {Apr},
  url       = {https://arxiv.org/abs/2404.02929}
}

@article{ref23,
  author    = {G. Lan and others},
  title     = {Communication-Efficient Federated Learning for Resource-Constrained Edge Devices},
  journal   = {IEEE Transactions on Machine Learning in Communications and Networking},
  year      = 2023,
  url       = {https://ieeexplore.ieee.org/document/10233897/}
}

@article{ref24,
  author    = {D. Huang and others},
  title     = {Physical Layer Spoof Detection and Authentication for IoT Devices Using Deep Learning Methods},
  journal   = {IEEE Transactions on Machine Learning in Communications and Networking},
  year      = 2024,
  url       = {https://ieeexplore.ieee.org/document/10568158/}
}

@article{ref25,
  author    = {J. Wang and S. Liu and S. Liu and C. Yuen and Y. Zhang and Z. Han},
  title     = {Generative Artificial Intelligence Assisted Wireless Sensing: Human Flow Detection in Practical Communication Environments},
  journal   = {IEEE Journal on Selected Areas in Communications},
  year      = 2024, 
  volume    = {42}, 
  number    = {10}, 
  pages     = {2737--2753}, 
  url       = {https://ieeexplore.ieee.org/document/10557650} 
}

@article{ref26,
  author    = {L. Bariah and M. Debbah and M.-S. Alouini and A. Mohammadi and H. Yanikomeroglu},
  title     = {Large Generative AI Models for Telecom: The Next Big Thing?},
  journal   = {IEEE Journal on Selected Areas in Communications},
  year      = 2024,
  volume    = 42,
  number    = 4,
  pages     = {917--939},
  url       = {https://ieeexplore.ieee.org/document/10384630}
}

@article{ref27,
  author    = {R. Schroeder and J. He and G. Brante and M. Juntti},
  title     = {Two-stage channel estimation for hybrid RIS assisted MIMO systems},
  journal   = {IEEE Transactions on Communications},
  year      = {2022},
  volume    = {70},
  number    = {7},
  pages     = {4793--4806},
  url       = {https://ieeexplore.ieee.org/document/9791830}
}

@article{ref28,
  author    = {M. Wasilewska and K. Brzostowski and A. Kliks},
  title     = {Artificial Intelligence for Radio Communication Context-Awareness: State of the Art, Challenges, and Opportunities},
  journal   = {IEEE Transactions on Communications},
  year      = 2021, 
  volume    = {69}, 
  number    = {9}, 
  pages     = {5533--5550}, 
  url       = {https://ieeexplore.ieee.org/document/9568860} 
}

@article{ref29,
  author    = {Z. Zhao and X. Li and X. Wang and Y. Chen and K. Wong},
  title     = {As the permeation of artificial intelligence (AI) in wireless applications continues, a cross-layer and cross-domain collaboration is essential},
  journal   = {IEEE Transactions on Communications},
  year      = {2020},
  volume    = {68},
  number    = {11},
  pages     = {6827--6840},
  month     = {Nov.},
  url       = {https://ieeexplore.ieee.org/document/9190121}
}

@article{ref30,
  author    = {G. Di Caro and M. Dorigo},
  title     = {AntNet: Distributed Stigmergetic Control for Communications Networks},
  journal   = {Journal of Artificial Intelligence Research},
  year      = 1998, 
  volume    = {9}, 
  pages     = {317--365}, 
  url       = {https://www.jair.org/index.php/jair/article/view/10217}
}

@article{ref31,
  author    = {D. Lesaint and P. Chaslot and F. Fages and F. Jaubert and R. Lesaint},
  title     = {Developing Approaches for Solving a Telecommunications Feature Subscription Problem},
  journal   = {Journal of Artificial Intelligence Research},
  year      = 2010,
  volume    = {37},
  pages     = {445--477},
  url       = {https://www.jair.org/index.php/jair/article/view/10654}
}

@article{ref32,
  author    = {D. V. Pynadath and M. Tambe},
  title     = {The Communicative Multiagent Team Decision Problem: Analyzing Teamwork Theories and Models},
  journal   = {Journal of Artificial Intelligence Research},
  year      = 2002,
  volume    = {16},
  pages     = {389--423},
  url       = {https://www.jair.org/index.php/jair/article/view/10304}
}

@article{ref33,
  author    = {A. Shahid and A. Kliks and A. Al-Tahmeesschi and A. Elbakary and A. Nikou and A. Maatouk and A. Mokh and A. Kazemi and A. De Domenico and A. Karapantelakis and B. Cheng and B. Yang and B. Wang and C. Fischione and C. Zhang and C. Ben Issaid and C. Yuen and C. Peng and C. Huang and C. Chaccour and C. K. Thomas and D. Sharma and D. Kalogiros and D. Niyato and E. De Poorter and E. Mhanna and E. C. Strinati and F. Bader and F. Abdeldayem and F. Wang and F. Zhu and G. Fontanesi and G. Geraci and H. Zhou and H. Purmehdi and H. Ahmadi and H. Zou and H. Du and H. Lee and H. H. Yang and I. Poli and I. Carron and I. Chatzistefanidis and I. Lee and I. Pitsiorlas and J. Fontaine and J. Wu and J. Zeng and J. Li and J. Karam and J. Gemayel and J. Deng and J. Frison and K. Huang and K. Qiu and K. Ball and K. Wang and K. Guo and L. Tassiulas and L. Gwenole and L. Yue and L. Bariah and L. Powell and M. Dryjanski and M. A. C. Galdon and M. Kountouris and M. Hafeez and M. Elkael and M. Bennis and M. Boudjelli and M. Dai and M. Debbah and M. Polese and M. Assaad and M. Benzaghta and M. Al Refai and M. Djerrab and M. Syed and M. Amir and N. Yan and N. Alkaabi and N. Li and N. Sehad and N. Nikaein and O. Hashash and P. Sroka and Q. Yang and Q. Zhao and R. Nikbakht Silab and R. Ying and R. Morabito and R. Li and R. Madi and S. E. El Ayoubi and S. D'Oro and S. Lasaulce and S. Shalmashi and S. Liu and S. Cherrared and S. B. Chetty and S. Dutta and S. A. R. Zaidi and T. Chen and T. Murphy and T. Melodia and T. Q. S. Quek and V. Ram and W. Saad and W. Hamidouche and W. Chen and X. Liu and X. Yu and X. Wang and X. Shang and X. Wang and X. Cao and Y. Su and Y. Liang and Y. Deng and Y. Yang and Y. Cui and Y. Sun and Y. Chen and Y. Pointurier and Z. Nehme and Z. Nezami and Z. Yang and Z. Zhang and Z. Liu and Z. Yang and Z. Han and Z. Zhou and Z. Chen and Z. Chen and Z. Shuai and others},
  title     = {Large-Scale AI in Telecom: Charting the Roadmap for Innovation, Scalability, and Enhanced Digital Experiences},
  journal   = {arXiv preprint arXiv:2503.04184},
  year      = 2025,
  month     = mar,
  eprint    = {2503.04184},
  eprintclass = {cs.NI},
  url       = {https://arxiv.org/abs/2503.04184}
}

@article{ref34,
  author    = {X. Lin and L. Kundu and C. Dick and M. A. Canaveras Galdon and J. Vamaraju and S. Dutta and V. Raman},
  title     = {A Primer on Generative AI for Telecom: From Theory to Practice},
  journal   = {arXiv preprint arXiv:2408.09031},
  year      = {2024},
  url       = {https://arxiv.org/abs/2408.09031}
}

@article{ref35,
  author    = {F. Zhu and X. Wang and C. Zhu and C. Huang},
  title     = {Liquid Neural Networks: Next-Generation AI for Telecom from First Principles},
  journal   = {arXiv preprint arXiv:2504.02352},
  year      = 2025,
  url       = {https://arxiv.org/abs/2504.02352}
}

@article{ref36,
  author    = {C. Chaccour and W. Saad and M. Debbah and H. V. Poor},
  title     = {Joint Sensing, Communication, and AI: A Trifecta for Resilient THz User Experiences},
  journal   = {IEEE Transactions on Wireless Communications},
  year      = 2024,
  volume    = 23,
  number    = 9,
  pages     = {11444--11460},
  url       = {https://ieeexplore.ieee.org/document/10489861}
}

@article{ref37,
  author    = {Q. Hou and M. Zorzi and T. Palpanas and M. Rossi and D. Zordan and D. Reforgiato Recupero},
  title     = {Automatic AI Model Selection for Wireless Systems: Online Learning via Digital Twinning},
  journal   = {IEEE Transactions on Wireless Communications},
  year      = {2025},
  volume    = {24},
  number    = {1},
  pages     = {411--426},
  url       = {https://ieeexplore.ieee.org/document/10844034}
}

@article{ref38,
  author    = {A. K. Gizzini and O. Tork and A. Ghazal and S.-E. Elayoubi and M. Debbah},
  title     = {Towards Explainable AI for Channel Estimation in Wireless Communications},
  journal   = {IEEE Transactions on Wireless Communications},
  year      = {2023},
  volume    = {22},
  number    = {11},
  pages     = {8248--8264},
  doi       = {10.1109/TWC.2023.10368353},
  url       = {https://ieeexplore.ieee.org/document/10368353/}
}

@article{ref39,
  author    = {J. Wang and X. Mu and Y. Liu and M. Di Renzo and J. Wang},
  title     = {Interplay Between RIS and AI in Wireless Communications: Fundamentals, Architectures, Applications, and Open Research Problems},
  journal   = {IEEE Journal on Selected Areas in Communications},
  year      = {2021},
  volume    = {39},
  number    = {7},
  pages     = {1936--1971},
  doi       = {10.1109/JSAC.2021.3089470},
  url       = {https://ieeexplore.ieee.org/document/9451999/}
}

@article{ref40,
  author    = {Jiacheng Wang and Hanyu Du and Jingyu Zhu and Xiaoying Xie and Dongfeng Fang and Hao Wang},
  title     = {Generative Artificial Intelligence Assisted Wireless Sensing: Human Flow Detection in Practical Communication Environments},
  journal   = {IEEE Journal on Selected Areas in Communications},
  year      = 2024, 
  volume    = 42, 
  number    = 10, 
  pages     = {2737--2752}, 
  doi       = {10.1109/JSAC.2024.3414628}, 
  url       = {https://ieeexplore.ieee.org/document/10557650}
}

@article{ref41,
  author    = {A. K. Gizzini and V. Labeau and S. Clavier},
  title     = {Towards Explainable AI for Channel Estimation in Wireless Communications},
  journal   = {IEEE Transactions on Vehicular Technology},
  year      = 2024, 
  volume    = {73}, 
  number    = {5}, 
  pages     = {7389--7394}, 
  url       = {https://ieeexplore.ieee.org/document/10368353/}
}

@article{ref42,
  author    = {Yinghui He and Jinke Ren and Guanding Yu and Jiantao Yuan},
  title     = {Importance-Aware Data Selection and Resource Allocation in Federated Edge Learning System},
  journal   = {IEEE Transactions on Vehicular Technology},
  year      = {2020},
  volume    = {69},
  number    = {11},
  pages     = {13593--13605},
  doi       = {10.1109/TVT.2020.3015268},
  url       = {https://ieeexplore.ieee.org/document/9163301}
}

@article{ref43,
  author    = {A. Kabacƒ± and M. Ba≈üaran and H. A. √áƒ±rpan},
  title     = {Low-Complex AI-Empowered Receiver for Spatial Media-Based Modulation MIMO Systems},
  journal   = {IEEE Transactions on Vehicular Technology},
  year      = 2023,
  volume    = 73,
  number    = 10,
  pages     = {13276--13288},
  doi       = {10.1109/TVT.2023.3313735},
  url       = {https://ieeexplore.ieee.org/document/10252036/}
}

@article{ref44,
  author    = {Thai-Hoc Vu and Senthil Kumar Jagatheesaperumal and Minh-Duong Nguyen and Nguyen Van Huynh and Sunghwan Kim and Quoc-Viet Pham},
  title     = {Applications of Generative AI (GAI) for Mobile and Wireless Networking: A Survey},
  journal   = {IEEE Internet of Things Journal},
  year      = {2024},
  note      = {Accepted},
  url       = {https://arxiv.org/abs/2405.20024}
}

@article{ref45,
  author    = {Ijaz Ahmad and Shahriar Shahabuddin and Tanesh Kumar and Erkki Harjula and Marcus Meisel and Markku Juntti and Thilo Sauter and Mika Ylianttila},
  title     = {Challenges of AI in Wireless Networks for IoT},
  journal   = {arXiv preprint arXiv:2007.04705},
  year      = 2020,
  url       = {https://arxiv.org/abs/2007.04705}
}

@article{ref46,
  author    = {Medhat Elsayed and Melike Erol-Kantarci},
  title     = {AI-enabled Future Wireless Networks: Challenges, Opportunities and Open Issues},
  journal   = {arXiv preprint arXiv:2103.04536},
  year      = {2021},
  url       = {https://arxiv.org/abs/2103.04536}
}

@article{ref47,
  author    = {W. Shi and M. He and H. Wu and X. Shen},
  title     = {Split Learning Over Wireless Networks: Parallel Design and Resource Management},
  journal   = {IEEE Journal on Selected Areas in Communications},
  year      = 2023,
  volume    = {41},
  number    = {4},
  pages     = {1051--1066},
  doi       = {10.1109/JSAC.2023.3244691},
  url       = {https://ieeexplore.ieee.org/document/10040976}
}

@article{ref48,
  author    = {Xinyi Lyu and Chenshan Ren and Ying He and Ren Ping Liu and Yang Yang},
  title     = {Objective-Driven Differentiable Optimization of Traffic Prediction and Resource Allocation for Split AI Inference Edge Networks},
  journal   = {IEEE Transactions on Machine Learning in Communications and Networking},
  year      = 2024, 
  volume    = {2}, 
  number    = {4}, 
  pages     = {1178--1192}, 
  doi       = {10.1109/TMLCN.2024.3341965}, 
  url       = {https://ieeexplore.ieee.org/document/10646623/} 
}

@article{ref49,
  author    = {K. B. Letaief and Y. Shi and J. Lu and J. Lu and S. Sun},
  title     = {Edge Artificial Intelligence for 6G: Vision, Enabling Technologies, and Applications},
  journal   = {IEEE Journal on Selected Areas in Communications},
  year      = 2021, 
  volume    = 39, 
  number    = 12, 
  pages     = {3335--3374}, 
  doi       = {10.1109/JSAC.2021.3126076}, 
  url       = {https://ieeexplore.ieee.org/document/9606720}
}