@article{ref1,
  author    = {A. Aknouche and M. G. Scotto},
  title     = {A multiplicative thinning‐based integer‐valued GARCH model},
  journal   = {Journal of Time Series Analysis},
  year      = 2024, 
  volume    = 45, 
  number    = 1, 
  pages     = {4--26}, 
  doi       = {10.1111/jtsa.12690}, 
  url       = {https://onlinelibrary.wiley.com/doi/10.1111/jtsa.12690} 
}

@article{ref2,
  author    = {H. Yuan and K. Lu and G. Li and J. Wang},
  title     = {High-Frequency-Based Volatility Model with Network Structure},
  journal   = {Journal of Time Series Analysis},
  year      = 2024, 
  volume    = 45, 
  number    = 4, 
  pages     = {533--557}, 
  url       = {https://onlinelibrary.wiley.com/doi/10.1111/jtsa.12751}
}

@article{ref3,
  author    = {A. Aknouche and S. Dimitrakopoulos},
  title     = {Autoregressive conditional proportion: a multiplicative‐error model for (0, 1)‐valued time series},
  journal   = {Journal of Time Series Analysis},
  year      = {2023},
  volume    = {44},
  number    = {4},
  pages     = {393--417},
  doi       = {10.1111/jtsa.12663},
  url       = {https://onlinelibrary.wiley.com/doi/10.1111/jtsa.12663}
}

@article{ref4,
  author    = {S. Makridakis and E. Spiliotis and V. Assimakopoulos},
  title     = {The M4 Competition: 100,000 time series and 61 forecasting methods},
  journal   = {International Journal of Forecasting},
  year      = 2020,
  volume    = {36},
  number    = {1},
  pages     = {54--74},
  url       = {https://www.sciencedirect.com/science/article/pii/S0169207019301128}
}

@article{ref5,
  author    = {H. Hewamalage and C. Bergmeir and K. Bandara},
  title     = {Recurrent Neural Networks for Time Series Forecasting: Current Status and Future Directions},
  journal   = {International Journal of Forecasting},
  year      = {2021},
  volume    = {37},
  number    = {1},
  pages     = {388--427},
  doi       = {10.1016/j.ijforecast.2020.06.008},
  url       = {https://www.sciencedirect.com/science/article/pii/S0169207020300996}
}

@article{ref6,
  author    = {Y. Kang and R. J. Hyndman and K. Smith-Miles},
  title     = {Visualising forecasting algorithm performance using time series instance spaces},
  journal   = {International Journal of Forecasting},
  year      = {2017},
  volume    = {33},
  number    = {2},
  pages     = {345--358},
  url       = {https://www.sciencedirect.com/science/article/pii/S0169207016301030}
}

@article{ref7,
  author    = {H. L. Shang and J. Cao and P. Sang},
  title     = {Stopping time detection of wood panel compression: A functional time-series approach},
  journal   = {Journal of the Royal Statistical Society: Series C (Applied Statistics)},
  year      = 2022,
  volume    = 71,
  number    = 5,
  pages     = {1205--1224},
  doi       = {10.1111/rssc.12572},
  url       = {https://academic.oup.com/jrsssc/article/71/5/1205/7073314}
}

@article{ref8,
  author    = {V. Cardiff and M. Ritchie and D. Hoy and K. Esmail},
  title     = {Wavelet shrinkage for trend estimation and forecasting in time series},
  journal   = {Journal of the Royal Statistical Society: Series C (Applied Statistics)},
  year      = {2019}, 
  volume    = {68}, 
  number    = {2}, 
  pages     = {295-316}, 
  doi       = {10.1111/rssc.12296},
  url       = {https://rss.onlinelibrary.wiley.com/doi/full/10.1111/rssc.12296}
}

@article{ref9,
  author    = {A. Anastasiou and P. Hatzopoulos and A. Karagrigoriou and G. Tzagkarakis},
  title     = {Causality Distance Measures for Multivariate Time Series with Applications},
  journal   = {Mathematics},
  year      = 2021,
  volume    = {9},
  number    = {21},
  pages     = {2708},
  url       = {https://www.mdpi.com/2227-7390/9/21/2708}
}

@article{ref10,
  author    = {R. R. Jha and T. S. Teh and A. R. Hassan},
  title     = {Statistical Modeling to Improve Time Series Forecasting Using Machine Learning, Time Series, and Hybrid Models: A Case Study of Bitcoin Price Forecasting},
  journal   = {Mathematics},
  year      = 2024, 
  volume    = 12, 
  number    = 23, 
  pages     = {3666}, 
  url       = {https://www.mdpi.com/2227-7390/12/23/3666}
}

@article{ref11,
  author    = {H. Zhu and Y. Chen and X. Wei and W. Wu},
  title     = {Deep Time Series Forecasting Models: A Comprehensive Survey},
  journal   = {Mathematics},
  year      = 2024,
  volume    = 12,
  number    = 10,
  pages     = {1504},
  url       = {https://www.mdpi.com/2227-7390/12/10/1504}
}

@article{ref12,
  author    = {Yuan Gao and Han Lin Shang},
  title     = {Forecasting high-dimensional functional time series: Application to sub-national age-specific mortality},
  journal   = {Journal of Time Series Analysis},
  year      = 2018,
  volume    = {39},
  number    = {4},
  pages     = {528--546},
  doi       = {10.1111/jtsa.12312},
  url       = {https://onlinelibrary.wiley.com/doi/abs/10.1111/jtsa.12312}
}

@article{ref13,
  author    = {Thoman Liboschik and Nadja Fokianos and Roland Fried},
  title     = {tscount: An R Package for Analysis of Count Time Series Following Generalized Linear Models},
  journal   = {Journal of Time Series Analysis},
  year      = 2017,
  volume    = 38,
  number    = 3,
  pages     = {451--478},
  doi       = {10.1111/jtsa.12214},
  url       = {https://onlinelibrary.wiley.com/doi/full/10.1111/jtsa.12214}
}

@article{ref14,
  author    = {J. Shang and T. Nakamura and S. Hamori},
  title     = {Does the Sentiment Index Help Predict Crude Oil Prices?},
  journal   = {IETI Transactions on Data Analysis and Forecasting (iTDAF)},
  year      = {2023},
  volume    = {1},
  number    = {1},
  pages     = {54--65},
  url       = {https://online-journals.org/index.php/iTDAF/article/view/32683}
}

@article{ref15,
  author    = {M. Housni},
  title     = {Multidimensional Forecasting and Analysis: Exploring Moroccan Learning Data Analytics in Business, Environment, and Sustainability},
  journal   = {IETI Transactions on Data Analysis and Forecasting (iTDAF)},
  year      = 2023,
  volume    = {1},
  number    = {3},
  pages     = {75--82},
  url       = {https://online-journals.org/index.php/iTDAF/article/view/40353}
}

@article{ref16,
  author    = {E. Rusu and O. Manta},
  title     = {Forecasting and Directions Regarding Sustainable Public Procurement},
  journal   = {IETI Transactions on Data Analysis and Forecasting (iTDAF)},
  year      = 2023,
  volume    = {1},
  number    = {2},
  pages     = {98--107},
  url       = {https://online-journals.org/index.php/iTDAF/citationstylelanguage/get/apa?submissionId=39987&publicationId=77089}
}

@inproceedings{ref17,
  author    = {Ming Jin and Shiyu Wang and Lintao Ma and Zhixuan Chu and James Y. Zhang and Xiaoming Shi and Pin-Yu Chen and Yuxuan Liang and Yuan-Fang Li and Shirui Pan and Qingsong Wen},
  title     = {Time-LLM: Time Series Forecasting by Reprogramming Large Language Models},
  booktitle = {Proceedings of the 12th International Conference on Learning Representations (ICLR 2024)},
  year      = {2024},
  url       = {https://arxiv.org/abs/2310.01728}
}

@inproceedings{ref18,
  author    = {Yuqi Nie and Nam H. Nguyen and Phanwadee Sinthong and Jayant Kalagnanam},
  title     = {A Time Series is Worth 64 Words: Long-term Forecasting with Transformers},
  booktitle = {Proceedings of the International Conference on Learning Representations (ICLR 2023)},
  year      = {2023},
  url       = {https://arxiv.org/abs/2211.14730}
}

@article{ref19,
  author    = {Si-An Chen and Chun-Liang Li and Nate Yoder and Sercan O. Arik and Tomas Pfister},
  title     = {TSMixer: An All-MLP Architecture for Time Series Forecasting},
  journal   = {Transactions on Machine Learning Research},
  year      = {2023},
  note      = {Available online: \url{https://arxiv.org/abs/2303.06053}},
  month     = sep
}

@article{ref20,
  author    = {S. Bandyopadhyay and C. Jentsch and S. Subba Rao},
  title     = {A Spectral Domain Test for Stationarity of Spatio‐Temporal Data},
  journal   = {Journal of Time Series Analysis},
  year      = 2017,
  volume    = 38,
  number    = 2,
  pages     = {326-351},
  doi       = {10.1111/jtsa.12212},
  url       = {https://doi.org/10.1111/jtsa.12212}
}

@article{ref21,
  author    = {Z. Gao and R. S. Tsay},
  title     = {A Structural-Factor Approach to Modeling High-Dimensional Time Series and Space-Time Data},
  journal   = {Journal of Time Series Analysis},
  year      = 2019, 
  volume    = 40, 
  number    = 3, 
  pages     = {343--362}, 
  doi       = {10.1111/jtsa.12481}, 
  url       = {https://doi.org/10.1111/jtsa.12481} 
}

@article{ref22,
  author    = {P. Nystrup and J. K. M{\o}ller and H. Madsen},
  title     = {Dimensionality reduction in forecasting with temporal hierarchies},
  journal   = {International Journal of Forecasting},
  year      = 2021,
  volume    = 37,
  number    = 3,
  pages     = {1127--1146},
  doi       = {10.1016/j.ijforecast.2020.12.012},
  url       = {https://www.sciencedirect.com/science/article/pii/S0169207020301898}
}

@article{ref23,
  author    = {J. K. M\o ller and P. Nystrup and H. Madsen},
  title     = {Likelihood-based inference in temporal hierarchies},
  journal   = {International Journal of Forecasting},
  year      = 2024, 
  volume    = {40}, 
  number    = {2}, 
  pages     = {515--531}, 
  doi       = {10.1016/j.ijforecast.2022.12.005}, 
  url       = {https://www.sciencedirect.com/science/article/pii/S0169207022001704} 
}

@article{ref24,
  author    = {J. Cordes and M. C. Castro},
  title     = {Spatial analysis of COVID-19 clusters and contextual factors in New York City},
  journal   = {Spatial and Spatio-temporal Epidemiology},
  year      = 2020,
  volume    = {34},
  pages     = {Article 100355},
  url       = {https://www.sciencedirect.com/science/article/abs/pii/S1877584520300332}
}

@article{ref25,
  author    = {Emma Fransson and Maria Karalexi and Mary Kimmel and Emma Bränn and Natasa Kollia and Auke Tas and Vera van Zoest and Eira Nordling and Alkistis Skalkidou and Fotios C. Papadopoulos},
  title     = {Differentiated mental health patterns in pregnancy during COVID-19 first two waves in Sweden: a mixed methods study using digital phenotyping},
  journal   = {Scientific Reports},
  year      = 2022,
  volume    = {12},
  number    = {1},
  pages     = {21253},
  doi       = {10.1038/s41598-022-25107-3},
  url       = {https://pubmed.ncbi.nlm.nih.gov/36481663/}
}

@article{ref26,
  author    = {A. García-Pérez},
  title     = {On Robustness for Spatio-Temporal Data},
  journal   = {Mathematics},
  year      = 2022, 
  volume    = {10}, 
  number    = {10}, 
  pages     = {1--17}, 
  url       = {https://www.mdpi.com/2227-7390/10/10/1785}
}

@article{ref27,
  author    = {J. Zhou and R. Gao and J. Yang and P. Zhang},
  title     = {Spatial--Temporal Dynamic Graph Differential Equation Network for Traffic Prediction},
  journal   = {Mathematics},
  year      = 2023,
  volume    = {11},
  number    = {13},
  pages     = {2867},
  url       = {https://www.mdpi.com/2227-7390/11/13/2867}
}

@article{ref28,
  author    = {L. Yuan and M. Yin and C. Chen},
  title     = {Temporal Community Detection and Analysis with Network Representation Learning},
  journal   = {Mathematics},
  year      = {2025},
  volume    = {13},
  number    = {5},
  pages     = {698},
  url       = {https://www.mdpi.com/2227-7390/13/5/698}
}

@article{ref29,
  author    = {M. Kim and S.-Y. Shin},
  title     = {Temporal Dynamic Embedding for Irregularly Sampled Time Series},
  journal   = {arXiv preprint arXiv:2504.05768},
  year      = {2025},
  url       = {https://arxiv.org/abs/2504.05768}
}

@article{ref30,
  author    = {Y. Wang and H. Wu and J. Dong and Y. Liu and M. Long and J. Wang},
  title     = {Deep Time Series Models: A Comprehensive Survey and Benchmark},
  journal   = {arXiv preprint arXiv:2407.13278},
  year      = 2024,
  url       = {https://arxiv.org/abs/2407.13278}
}

@article{ref31,
  author    = {X. Yu and Z. Chen and Y. Ling and S. Dong and Z. Liu and Y. Lu},
  title     = {Temporal Data Meets LLM -- Explainable Financial Time Series Forecasting},
  journal   = {arXiv preprint arXiv:2306.11025},
  year      = {2023},
  url       = {https://arxiv.org/abs/2306.11025}
}

@article{ref32,
  author    = {B. Shi and X. Bai and C. Yao},
  title     = {An End-to-End Trainable Neural Network for Image-Based Sequence Recognition and Its Application to Scene Text Recognition},
  journal   = {IEEE Transactions on Pattern Analysis and Machine Intelligence},
  year      = 2017,
  volume    = 39,
  number    = 11,
  pages     = {2298--2304},
  doi       = {10.1109/TPAMI.2016.2646371},
  url       = {https://ieeexplore.ieee.org/document/7801919/}
}

@article{ref33,
  author    = {Y. Wang and H. Wu and J. Zhang and Z. Gao and J. Wang and P. S. Yu and M. Long},
  title     = {PredRNN: A Recurrent Neural Network for Spatiotemporal Predictive Learning},
  journal   = {IEEE Transactions on Pattern Analysis and Machine Intelligence},
  year      = 2023,
  volume    = 45,
  number    = 2,
  pages     = {2208--2225},
  doi       = {10.1109/TPAMI.2022.3165153},
  url       = {https://ieeexplore.ieee.org/document/9749915}
}

@article{ref34,
  author    = {J.-T. Chien and C.-W. Wang},
  title     = {Hierarchical and Self-Attended Sequence Autoencoder},
  journal   = {IEEE Transactions on Pattern Analysis and Machine Intelligence},
  year      = 2022,
  volume    = 44,
  number    = 9,
  pages     = {4975--4986},
  doi       = {10.1109/TPAMI.2021.3068187},
  url       = {https://ieeexplore.ieee.org/document/9384306}
}

@article{ref35,
  author    = {Y. Keneshloo and T. Shi and N. Ramakrishnan and C. K. Reddy},
  title     = {Deep reinforcement learning for sequence-to-sequence models},
  journal   = {IEEE Transactions on Neural Networks and Learning Systems},
  year      = 2020,
  volume    = {31},
  number    = {7},
  pages     = {2469--2489},
  doi       = {10.1109/TNNLS.2019.2929141},
  url       = {https://ieeexplore.ieee.org/document/8801910}
}

@article{ref36,
  author    = {X. Guan and Y. Yang and J. Li and X. Xu and H. T. Shen},
  title     = {Mind the remainder: Taylor’s theorem view on recurrent neural networks},
  journal   = {IEEE Transactions on Neural Networks and Learning Systems},
  year      = 2022,
  volume    = {33},
  number    = {4},
  pages     = {1507--1519},
  doi       = {10.1109/TNNLS.2021.3057294},
  url       = {https://ieeexplore.ieee.org/document/9323070}
}

@article{ref37,
  author    = {Z. Liu and Y. Liu and X. Xie and Y. Zhang and X. Lu},
  title     = {A novel sequence-to-sequence-based deep learning model for satellite cloud image time series prediction},
  journal   = {IEEE Transactions on Neural Networks and Learning Systems},
  year      = {2025},
  volume    = {36},
  number    = {1},
  pages     = {638--651},
  doi       = {10.1109/TNNLS.2023.3322146},
  url       = {https://ieeexplore.ieee.org/abstract/document/10409277/}
}

@article{ref38,
  author    = {Jannis Born and Matteo Manica},
  title     = {Regression Transformer enables concurrent sequence regression and generation for molecular language modelling},
  journal   = {Nature Machine Intelligence},
  year      = 2023,
  volume    = {5},
  pages     = {432--444},
  doi       = {10.1038/s42256-023-00639-z},
  url       = {https://www.nature.com/articles/s42256-023-00639-z}
}

@article{ref39,
  author    = {X. Fang and F. Wang and L. Liu and J. He and D. Lin and Y. Xiang and K. Zhu and X. Zhang and H. Wu and H. Li and L. Song},
  title     = {A method for multiple-sequence-alignment-free protein structure prediction using a protein language model},
  journal   = {Nature Machine Intelligence},
  year      = 2023,
  volume    = {5},
  pages     = {1087--1096},
  url       = {https://www.nature.com/articles/s42256-023-00721-6}
}

@article{ref40,
  author    = {Ning Wang and Jiang Bian and Yuchen Li and Xuhong Li and Shahid Mumtaz and Linghe Kong and Haoyi Xiong},
  title     = {Multi-purpose RNA language modelling with motif-aware pretraining and type-guided fine-tuning},
  journal   = {Nature Machine Intelligence},
  year      = 2024,
  volume    = {6},
  number    = {5},
  pages     = {548--557},
  doi       = {10.1038/s42256-024-00836-4},
  url       = {https://www.nature.com/articles/s42256-024-00836-4}
}

@article{ref41,
  author    = {A. Gu and T. Dao},
  title     = {Mamba: Linear-Time Sequence Modeling with Selective State Spaces},
  journal   = {arXiv preprint arXiv:2312.00752},
  year      = {2024},
  volume    = {abs/2312.00752},
  url       = {https://arxiv.org/abs/2312.00752}
}

@article{ref42,
  author    = {T. Soydan and N. Zubić and N. Messikommer and S. Mishra and D. Scaramuzza},
  title     = {S7: Selective and Simplified State Space Layers for Sequence Modeling},
  journal   = {arXiv preprint arXiv:2410.03464},
  year      = 2024,
  volume    = {abs/2410.03464},
  url       = {https://arxiv.org/abs/2410.03464}
}

@article{ref43,
  author    = {A. Gu and K. Goel and C. Ré},
  title     = {Efficiently Modeling Long Sequences with Structured State Spaces},
  journal   = {arXiv preprint arXiv:2111.00396},
  year      = {2022},
  volume    = {abs/2111.00396},
  url       = {https://arxiv.org/abs/2111.00396}
}

@article{ref44,
  author    = {S. Al-Dabooni and D. Wunsch},
  title     = {The Boundedness Conditions for Model-Free HDP($\lambda$)},
  journal   = {IEEE Transactions on Neural Networks and Learning Systems},
  year      = {2019},
  volume    = {30},
  number    = {7},
  pages     = {1928--1942},
  doi       = {10.1109/TNNLS.2018.2879568},
  url       = {https://ieeexplore.ieee.org/document/8528554}
}

@article{ref45,
  author    = {Yuqiao Liu and Yanan Sun and Bing Xue and Mengjie Zhang and Gary G. Yen and Kay Chen Tan},
  title     = {A Survey on Evolutionary Neural Architecture Search},
  journal   = {IEEE Transactions on Neural Networks and Learning Systems},
  year      = 2023,
  volume    = 34,
  number    = 2,
  pages     = {550--570},
  doi       = {10.1109/TNNLS.2022.3202272},
  url       = {https://ieeexplore.ieee.org/document/9863147}
}

@article{ref46,
  author    = {Qi Liu and Wujie Wen},
  title     = {Model Compression Hardens Deep Neural Networks: A New Perspective to Prevent Adversarial Attacks},
  journal   = {IEEE Transactions on Neural Networks and Learning Systems},
  year      = 2023, 
  volume    = 34, 
  number    = 1, 
  pages     = {3-14}, 
  url       = {https://ieeexplore.ieee.org/document/9742065}
}

@article{ref47,
  author    = {W. Ju and F. Zheng and Y. Gu and Z. Liu and Q. Long and Z. Qiao and Y. Qin and J. Shen and F. Sun and Z. Xiao and J. Yang and J. Yuan and Y. Zhao and Y. Wang and X. Luo and M. Zhang},
  title     = {A comprehensive survey on deep graph representation learning},
  journal   = {Neural Networks},
  year      = 2024, 
  volume    = {173}, 
  pages     = {1--36}, 
  month     = feb,
  doi       = {10.1016/j.neunet.2024.106207}, 
  url       = {https://doi.org/10.1016/j.neunet.2024.106207}
}

@article{ref48,
  author    = {S. Tian and L. Li and W. Li and H. Ran and X. Ning and P. Tiwari},
  title     = {A survey on few-shot class-incremental learning},
  journal   = {Neural Networks},
  year      = 2024, 
  volume    = {173}, 
  pages     = {49--77}, 
  doi       = {10.1016/j.neunet.2023.10.039}, 
  url       = {https://doi.org/10.1016/j.neunet.2023.10.039}
}

@article{ref49,
  author    = {Z. Hu and K. K. Shukla and G. E. Karniadakis and K. Kawaguchi},
  title     = {Tackling the curse of dimensionality with physics-informed neural networks},
  journal   = {Neural Networks},
  year      = 2024,
  volume    = {175},
  pages     = {155--176},
  month     = {May},
  doi       = {10.1016/j.neunet.2024.106369},
  url       = {https://doi.org/10.1016/j.neunet.2024.106369}
}

@article{ref50,
  author    = {S. Kurogi and M. Toidani and R. Shigematsu and K. Matsuo},
  title     = {Performance improvement via bagging in probabilistic prediction of chaotic time series using similarity of attractors and LOOCV predictable horizon},
  journal   = {Neural Computing and Applications},
  year      = 2018,
  volume    = {29},
  number    = {9},
  pages     = {341--349},
  doi       = {10.1007/s00521-017-3149-7},
  url       = {https://link.springer.com/article/10.1007/s00521-017-3149-7}
}

@article{ref51,
  author    = {A. Karamchandani and A. Mozo and S. Gómez-Canaval and A. Pastor},
  title     = {A methodological framework for optimizing the energy consumption of deep neural networks: a case study of a cyber threat detector},
  journal   = {Neural Computing and Applications},
  year      = 2024, 
  volume    = 36, 
  pages     = {10297--10338}, 
  doi       = {10.1007/s00521-024-09588-z}, 
  url       = {https://link.springer.com/article/10.1007/s00521-024-09588-z}
}

@article{ref52,
  author    = {B. Mesta and O. B. Akgun and E. Kentel},
  title     = {Improving precipitation estimates for Turkey with multimodel ensemble: a comparison of nonlinear artificial neural network method with linear methods},
  journal   = {Neural Computing and Applications},
  year      = {2024},
  volume    = {36},
  pages     = {10219--10238},
  doi       = {10.1007/s00521-024-09598-x},
  url       = {https://link.springer.com/article/10.1007/s00521-024-09598-x}
}

@article{ref53,
  author    = {Boris Hanin},
  title     = {Random Fully Connected Neural Networks as Perturbatively Solvable Hierarchies},
  journal   = {Journal of Machine Learning Research},
  year      = 2024,
  volume    = {25},
  number    = {267},
  pages     = {1--58},
  url       = {https://www.jmlr.org/papers/v25/23-0643.html}
}

@article{ref54,
  author    = {Sjoerd Dirksen and Martin Genzel and Laurent Jacques and Alexander Stollenwerk},
  title     = {The Separation Capacity of Random Neural Networks},
  journal   = {Journal of Machine Learning Research},
  year      = {2022},
  volume    = {23},
  number    = {309},
  pages     = {1--47},
  url       = {https://www.jmlr.org/papers/v23/21-1079.html}
}

@article{ref55,
  author    = {Maximilian Alber and Sebastian Lapuschkin and Philipp Seegerer and Miriam H{\"a}gele and Kristof T. Sch{\"u}tt and Gr{\'e}goire Montavon and Wojciech Samek and Klaus-Robert M{\"u}ller and Sven D{\"a}hne and Pieter-Jan Kindermans},
  title     = {iNNvestigate Neural Networks!},
  journal   = {Journal of Machine Learning Research},
  year      = {2019},
  volume    = {20},
  number    = {93},
  pages     = {1--8},
  url       = {https://www.jmlr.org/papers/v20/18-540.html}
}

@article{ref56,
  author    = {Z. Liu and Y. Wang and S. Vaidya and F. Ruehle and J. Halverson and M. Soljačić and T. Y. Hou and M. Tegmark},
  title     = {KAN: Kolmogorov-Arnold Networks},
  journal   = {arXiv preprint arXiv:2404.19756},
  year      = 2025,
  url       = {https://arxiv.org/abs/2404.19756}
}

@article{ref57,
  author    = {J. H. Tanis and C. Giannella and A. V. Mariano},
  title     = {Introduction to Graph Neural Networks: A Starting Point for Machine Learning Engineers},
  journal   = {arXiv preprint arXiv:2412.19419},
  year      = 2024,
  url       = {https://arxiv.org/abs/2412.19419}
}

@article{ref58,
  author    = {M. Yang and X.-J. Xu},
  title     = {Recent Advances in Hypergraph Neural Networks},
  journal   = {arXiv preprint arXiv:2503.07959},
  year      = {2025},
  url       = {https://arxiv.org/abs/2503.07959}
}

@article{ref59,
  author    = {N. Mhatre and D. Cooley},
  title     = {Transformed-Linear Models for Time Series Extremes},
  journal   = {Journal of Time Series Analysis},
  year      = 2024,
  volume    = {45},
  number    = {5},
  pages     = {671--690},
  doi       = {10.1111/jtsa.12570},
  url       = {https://onlinelibrary.wiley.com/doi/10.1111/jtsa.12570}
}

@article{ref60,
  author    = {Y. Lin and Q. Zhu},
  title     = {On Vector Linear Double Autoregression},
  journal   = {Journal of Time Series Analysis},
  year      = 2024,
  volume    = 45,
  number    = 3,
  pages     = {376--397},
  url       = {https://onlinelibrary.wiley.com/doi/10.1111/jtsa.12551}
}

@article{ref61,
  author    = {H.-F. Zhang},
  title     = {Additive Autoregressive Models for Matrix Valued Time Series},
  journal   = {Journal of Time Series Analysis},
  year      = 2024,
  volume    = 45,
  number    = 3,
  pages     = {398--420},
  month     = may,
  doi       = {10.1111/jtsa.12552},
  url       = {https://onlinelibrary.wiley.com/doi/10.1111/jtsa.12552}
}

@article{ref62,
  author    = {Harrison Katz and Kai Thomas Brusch and Robert E. Weiss},
  title     = {A Bayesian Dirichlet auto-regressive moving average model for forecasting lead times},
  journal   = {International Journal of Forecasting},
  year      = 2024,
  volume    = {40},
  number    = {4},
  pages     = {1556--1567},
  doi       = {10.1016/j.ijforecast.2024.01.004},
  url       = {https://www.sciencedirect.com/science/article/pii/S0169207024000049}
}

@article{ref63,
  author    = {Gianluca Cubadda and Stefano Grassi and Barbara Guardabascio},
  title     = {The time-varying Multivariate Autoregressive Index model},
  journal   = {International Journal of Forecasting},
  year      = 2025,
  volume    = {41},
  number    = {1},
  pages     = {175--190},
  url       = {https://www.sciencedirect.com/science/article/pii/S0169207024000384}
}

@article{ref64,
  author    = {Francisco Cribari-Neto and Vin{\'i}cius F. de Almeida},
  title     = {Beta autoregressive moving average model selection with application to modeling and forecasting stored hydroelectric energy},
  journal   = {International Journal of Forecasting},
  year      = 2023,
  volume    = {39},
  number    = {1},
  pages     = {98--109},
  doi       = {10.1016/j.ijforecast.2021.07.003},
  url       = {https://www.sciencedirect.com/science/article/abs/pii/S0169207021001485}
}

@article{ref65,
  author    = {C. Hill and A. A. Nielsen and A. K. Sahu},
  title     = {The tensor auto‐regressive model},
  journal   = {Journal of Forecasting},
  year      = {2021}, 
  volume    = {40}, 
  number    = {4}, 
  pages     = {636--652}, 
  doi       = {10.1002/for.2735}, 
  url       = {https://doi.org/10.1002/for.2735} 
}

@article{ref66,
  author    = {C. Berninger and M. Stips and C. Dewes},
  title     = {A Bayesian time‐varying autoregressive model for improved short‐term and long‐term prediction},
  journal   = {Journal of Forecasting},
  year      = 2022, 
  volume    = 41, 
  number    = 1, 
  pages     = {181--200}, 
  doi       = {10.1002/for.2802}, 
  url       = {https://doi.org/10.1002/for.2802}
}

@article{ref67,
  author    = {A. Taiebnia and S. Mohammadi},
  title     = {Forecast accuracy of the linear and nonlinear autoregressive models in macroeconomic modeling},
  journal   = {Journal of Forecasting},
  year      = 2023,
  volume    = {42},
  number    = {8},
  pages     = {2045--2062},
  doi       = {10.1002/for.3002},
  url       = {https://doi.org/10.1002/for.3002}
}

@article{ref68,
  author    = {J. Gibson},
  title     = {Entropy Power, Autoregressive Models, and Mutual Information},
  journal   = {Entropy},
  year      = 2018,
  volume    = {20},
  number    = {10},
  pages     = {750},
  url       = {https://www.mdpi.com/1099-4300/20/10/750}
}

@article{ref69,
  author    = {Lizhi Lin and Honglin Mu and Zenan Zhai and Minghan Wang and Yuxia Wang and Renxi Wang and Junjie Gao and Yixuan Zhang and Wanxiang Che and Timothy Baldwin and Xudong Han and Haonan Li},
  title     = {Against The Achilles' Heel: A Survey on Red Teaming for Generative Models},
  journal   = {Journal of Artificial Intelligence Research},
  year      = 2025,
  volume    = {82},
  pages     = {1--63},
  url       = {https://www.jair.org/index.php/jair/article/view/17654}
}

@article{ref70,
  author    = {Giorgio Franceschelli and Mirco Musolesi},
  title     = {Reinforcement Learning for Generative AI: State of the Art, Opportunities and Open Research Challenges},
  journal   = {Journal of Artificial Intelligence Research},
  year      = 2024,
  volume    = {79},
  pages     = {1351--1412},
  url       = {https://jair.org/index.php/jair/article/view/15278}
}

@article{ref71,
  author    = {Genta Indra Winata and Hanyang Zhao and Anirban Das and Wenpin Tang and David D. Yao and Shi-Xiong Zhang and Sambit Sahu},
  title     = {Preference Tuning with Human Feedback on Language, Speech, and Vision Tasks: A Survey},
  journal   = {Journal of Artificial Intelligence Research},
  year      = 2025,
  volume    = {82},
  pages     = {522--601},
  doi       = {10.1613/jair.1.17541},
  url       = {https://www.jair.org/index.php/jair/article/view/17541}
}

@article{ref72,
  author    = {S. Bond-Taylor and A. Leach and Y. Long and C. G. Willcocks and T. Al-Maadeed and N. Moutari and T. Breckon},
  title     = {Deep Generative Modelling: A Comparative Review of VAEs, GANs, Normalizing Flows, Energy-Based and Autoregressive Models},
  journal   = {IEEE Transactions on Pattern Analysis and Machine Intelligence},
  year      = 2023,
  volume    = {45},
  number    = {11},
  pages     = {12764--12793},
  doi       = {10.1109/TPAMI.2021.3116668},
  url       = {https://ieeexplore.ieee.org/document/9555209}
}

@article{ref73,
  author    = {F. Hong and J. Zhang and L. Chen and S. Yang and Z. Xu},
  title     = {DaGAN++: Depth-Aware Generative Adversarial Network for Talking Head Video Generation},
  journal   = {IEEE Transactions on Pattern Analysis and Machine Intelligence},
  year      = 2024,
  volume    = {46},
  number    = {5},
  pages     = {2997--3012},
  url       = {https://ieeexplore.ieee.org/document/10345691}
}

@article{ref74,
  author    = {J. Pan and J. Dong and Y. Liu and X. Zhang and M. Wang and Y. Tai and Y. Tang and K. Lu and Y. Zuo and L. Zhang},
  title     = {Physics-Based Generative Adversarial Models for Image Restoration and Beyond},
  journal   = {IEEE Transactions on Pattern Analysis and Machine Intelligence},
  year      = 2021,
  volume    = 43,
  number    = 7,
  pages     = {2449-2462},
  doi       = {10.1109/TPAMI.2020.2973646},
  url       = {https://ieeexplore.ieee.org/document/8968618}
}

@article{ref75,
  author    = {Yinchuan Li and Xinyu Shao and Jianping Zhang and Haozhi Wang and Leo Maxime Brunswic and Kaiwen Zhou and Jiqian Dong and Kaiyang Guo and Xiu Li and Zhitang Chen and Jun Wang and Jianye Hao},
  title     = {Generative Models in Decision Making: A Survey},
  journal   = {arXiv preprint arXiv:2502.17100},
  year      = {2025},
  url       = {https://arxiv.org/abs/2502.17100}
}

@article{ref76,
  author    = {Peng Sun and Yi Jiang and Tao Lin},
  title     = {Unified Continuous Generative Models},
  journal   = {arXiv preprint arXiv:2505.07447},
  year      = {2025},
  url       = {https://arxiv.org/abs/2505.07447}
}

@article{ref77,
  author    = {Maria Nareklishvili and Nick Polson and Vadim Sokolov},
  title     = {Generative Modeling: A Review},
  journal   = {arXiv preprint arXiv:2501.05458},
  year      = 2025,
  url       = {https://arxiv.org/abs/2501.05458}
}

@article{ref78,
  author    = {N. Ahad and M. A. Davenport and Y. Xie},
  title     = {Data-adaptive symmetric CUSUM for sequential change detection},
  journal   = {Sequential Analysis},
  year      = 2024,
  volume    = 43,
  number    = 1,
  pages     = {1--27},
  doi       = {10.1080/07474946.2023.2272908},
  url       = {https://www.tandfonline.com/doi/abs/10.1080/07474946.2023.2272908}
}

@article{ref79,
  author    = {H. Wang and Y. Tian},
  title     = {Sequential Point Clouds: A Survey},
  journal   = {IEEE Transactions on Pattern Analysis and Machine Intelligence},
  year      = 2024,
  volume    = {46},
  number    = {8},
  pages     = {9276--9297},
  doi       = {10.1109/TPAMI.2024.3365970},
  url       = {https://ieeexplore.ieee.org/document/10436356}
}

@article{ref80,
  author    = {F. J. Király and H. Oberhauser},
  title     = {Kernels for Sequentially Ordered Data},
  journal   = {Journal of Machine Learning Research},
  year      = {2019},
  volume    = {20},
  number    = {31},
  pages     = {1-45},
  url       = {https://jmlr.org/papers/volume20/16-314/16-314.pdf}
}

@article{ref81,
  author    = {C. Shi and Y. Chen},
  title     = {An Online Sequential Test for Qualitative Treatment Effects},
  journal   = {Journal of Machine Learning Research},
  year      = {2021},
  volume    = {22},
  number    = {75},
  pages     = {1-43},
  url       = {https://www.jmlr.org/papers/volume22/21-0383/21-0383.pdf}
}

@article{ref82,
  author    = {Yuxin He and Ping Huang and Weihang Hong and Qin Luo and Lishuai Li and Kwok-Leung Tsui},
  title     = {In-Depth Insights into the Application of Recurrent Neural Networks (RNNs) in Traffic Prediction: A Comprehensive Review},
  journal   = {Algorithms},
  year      = 2024, 
  volume    = {17}, 
  number    = {9}, 
  pages     = {398}, 
  doi       = {10.3390/a17090398}, 
  url       = {https://doi.org/10.3390/a17090398}
}

@article{ref83,
  author    = {Mehak Usmani and Zulfiqar Ali Memon and Adil Zulfiqar and Rizwan Qureshi},
  title     = {Preptimize: Automation of Time Series Data Preprocessing and Forecasting},
  journal   = {Algorithms},
  year      = 2024, 
  volume    = {17}, 
  number    = {8}, 
  pages     = {332}, 
  doi       = {10.3390/a17080332}, 
  url       = {https://doi.org/10.3390/a17080332}
}

@article{ref84,
  author    = {Christie I. Ezeife and Hemmi Karlapalepu},
  title     = {A Survey of Sequential Pattern Based E-Commerce Recommendation Systems},
  journal   = {Algorithms},
  year      = {2023},
  volume    = {16},
  number    = {10},
  pages     = {467},
  doi       = {10.3390/a16100467},
  url       = {https://doi.org/10.3390/a16100467}
}

@article{ref85,
  author    = {A. Klenitskiy and A. Volodkevich and A. Pembek and A. Vasilev},
  title     = {Does It Look Sequential? An Analysis of Datasets for Evaluation of Sequential Recommendations},
  journal   = {arXiv preprint arXiv:2408.12008},
  year      = {2024},
  month     = {Aug},
  url       = {https://arxiv.org/abs/2408.12008}
}

@article{ref86,
  author    = {J. Wang and B. Boukai},
  title     = {Bayesian sequential analysis of adverse events with binary data},
  journal   = {arXiv preprint arXiv:2504.02959},
  year      = {2025},
  month     = {apr},
  url       = {https://arxiv.org/abs/2504.02959}
}

@article{ref87,
  author    = {D. Botache and K. Dingel and R. Huhnstock and A. Ehresmann and B. Sick},
  title     = {Unraveling the Complexity of Splitting Sequential Data: Tackling Challenges in Video and Time Series Analysis},
  journal   = {arXiv preprint arXiv:2307.14294},
  year      = {2023},
  url       = {https://arxiv.org/abs/2307.14294}
}

@article{ref88,
  author    = {S. Bond-Taylor and A. Leach and Y. Long and C. G. Willcocks and T. Al-Maadeed and N. Moutari and T. Breckon},
  title     = {Deep Generative Modelling: A Comparative Review of VAEs, GANs, Normalizing Flows, Energy-Based and Autoregressive Models},
  journal   = {IEEE Transactions on Pattern Analysis and Machine Intelligence},
  year      = 2023, 
  volume    = {45}, 
  number    = {11}, 
  pages     = {12764--12793}, 
  doi       = {10.1109/TPAMI.2021.3116668}, 
  url       = {https://ieeexplore.ieee.org/document/9555209}
}

@article{ref89,
  author    = {Ines Wilms and Christophe Croux},
  title     = {Forecasting using principal component regression based on regularized principal components},
  journal   = {Journal of Time Series Analysis},
  year      = {2018},
  volume    = {39},
  number    = {3},
  pages     = {345--356},
  doi       = {10.1111/jtsa.12304},
  url       = {https://onlinelibrary.wiley.com/doi/full/10.1111/jtsa.12304}
}

@article{ref90,
  author    = {N. Kourentzes and F. Petropoulos and J. R. Trapero},
  title     = {Improving forecasting by estimating time series structural components across multiple frequencies},
  journal   = {International Journal of Forecasting},
  year      = 2014,
  volume    = {30},
  number    = {2},
  pages     = {291--302},
  url       = {https://www.sciencedirect.com/science/article/pii/S0169207013001477}
}

@article{ref91,
  author    = {A. Hosseininasab and R. Ghaemi and M. R. Keyvanpour and A. Mustafa and F. Esposito and A. Sperduti},
  title     = {Memory-Efficient Sequential Pattern Mining with Hybrid Tries},
  journal   = {Journal of Machine Learning Research},
  year      = 2024,
  volume    = {25},
  pages     = {1--45},
  url       = {https://jmlr.org/papers/volume25/22-0125/22-0125.pdf}
}